StoreNo,Date,Time,Millisecond,U-1,Urms-1,Umn-1,Udc-1,Urmn-1,Uac-1,Urange,I-1,Irms-1,Imn-1,Idc-1,Irmn-1,Iac-1,Irange,P-1,S-1,Q-1,PF-1,Phi-1,FreqU-1,FreqI-1,Uppeak-1,Umpeak-1,Ippeak-1,Impeak-1,Pppeak-1,Pmpeak-1,MATH,TIME,WP-1,WPp-1,WPm-1,q-1,qp-1,qm-1,U(k)-1-Total,I(k)-1-Total,P(k)-1-Total,Uhdf(k)-1-Total,Ihdf(k)-1-Total,Phdf(k)-1-Total,Uthd-1,Ithd-1,---------,---------,---------,---------,---------,MeasureMode,DisplayMode,IntegrateMode,UpdateRate
1,2019/04/13,04:03:35,622,232.44 ,232.44 ,233.13 ,-0.05 ,209.89 ,232.44 ,300.0 ,0.0000E-03,0.0000E-03,0.0000E-03,0.0012E-03,0.0000E-03,0.0000E-03, 5.0E-03,0.0000 ,0.0000 ,0.0000 ,Error    ,Error    ,50.002 ,Error    ,335.74 ,-334.76 ,0.0478E-03,-0.0433E-03,0.0141 ,-0.0146 ,232.4372 ,NAN,NAN,NAN,NAN,NAN,NAN,NAN,232.37 ,0.0021E-03,-0.0000 ,NAN,NAN,NAN,2.233 ,513.251 ,---------,---------,---------,---------,---------,1,1,1,1
2,2019/04/13,04:03:35,717,232.46 ,232.46 ,233.15 ,-0.02 ,209.91 ,232.46 ,300.0 ,0.0000E-03,0.0000E-03,0.0000E-03,0.0011E-03,0.0000E-03,0.0000E-03, 5.0E-03,-0.0000 ,0.0000 ,0.0000 ,Error    ,Error    ,49.998 ,Error    ,336.01 ,-336.10 ,0.0453E-03,-0.0453E-03,0.0139 ,-0.0128 ,232.4627 ,NAN,NAN,NAN,NAN,NAN,NAN,NAN,232.51 ,0.0020E-03,-0.0001 ,NAN,NAN,NAN,2.233 ,535.505 ,---------,---------,---------,---------,---------,1,1,1,1
3,2019/04/13,04:03:35,817,232.48 ,232.48 ,233.18 ,-0.05 ,209.93 ,232.48 ,300.0 ,0.0000E-03,0.0000E-03,0.0000E-03,0.0013E-03,0.0000E-03,0.0000E-03, 5.0E-03,0.0000 ,0.0000 ,0.0000 ,Error    ,Error    ,50.006 ,Error    ,335.55 ,-336.37 ,0.0458E-03,-0.0398E-03,0.0139 ,-0.0135 ,232.4789 ,NAN,NAN,NAN,NAN,NAN,NAN,NAN,232.38 ,0.0021E-03,-0.0001 ,NAN,NAN,NAN,2.295 ,375.915 ,---------,---------,---------,---------,---------,1,1,1,1
4,2019/04/13,04:03:35,916,232.41 ,232.41 ,233.08 ,-0.05 ,209.85 ,232.41 ,300.0 ,0.0000E-03,0.0000E-03,0.0000E-03,0.0011E-03,0.0000E-03,0.0000E-03, 5.0E-03,-0.0000 ,0.0000 ,0.0000 ,Error    ,Error    ,50.012 ,Error    ,336.08 ,-335.29 ,0.0423E-03,-0.0413E-03,0.0129 ,-0.0126 ,232.4144 ,NAN,NAN,NAN,NAN,NAN,NAN,NAN,232.35 ,0.0020E-03,0.0000 ,NAN,NAN,NAN,2.201 ,888.525 ,---------,---------,---------,---------,---------,1,1,1,1
5,2019/04/13,04:03:36,016,232.41 ,232.41 ,233.08 ,-0.04 ,209.85 ,232.41 ,300.0 ,0.0000E-03,0.0000E-03,0.0000E-03,0.0012E-03,0.0000E-03,0.0000E-03, 5.0E-03,-0.0000 ,0.0000 ,0.0000 ,Error    ,Error    ,49.999 ,Error    ,336.98 ,-336.44 ,0.0473E-03,-0.0428E-03,0.0126 ,-0.0155 ,232.4133 ,NAN,NAN,NAN,NAN,NAN,NAN,NAN,232.38 ,0.0023E-03,-0.0000 ,NAN,NAN,NAN,2.231 ,Error    ,---------,---------,---------,---------,---------,1,1,1,1
6,2019/04/13,04:03:36,117,232.42 ,232.42 ,233.10 ,-0.02 ,209.86 ,232.42 ,300.0 ,0.0000E-03,0.0000E-03,0.0000E-03,0.0010E-03,0.0000E-03,0.0000E-03, 5.0E-03,-0.0000 ,0.0000 ,0.0000 ,Error    ,Error    ,50.017 ,Error    ,335.77 ,-335.88 ,0.0579E-03,-0.0443E-03,0.0136 ,-0.0131 ,232.4245 ,NAN,NAN,NAN,NAN,NAN,NAN,NAN,232.37 ,0.0021E-03,0.0000 ,NAN,NAN,NAN,2.235 ,690.690 ,---------,---------,---------,---------,---------,1,1,1,1
7,2019/04/13,04:03:36,217,232.57 ,232.57 ,233.31 ,0.03 ,210.05 ,232.57 ,300.0 ,0.0000E-03,0.0000E-03,0.0000E-03,0.0010E-03,0.0000E-03,0.0000E-03, 5.0E-03,0.0000 ,0.0000 ,0.0000 ,Error    ,Error    ,50.004 ,Error    ,335.49 ,-336.93 ,0.0423E-03,-0.0423E-03,0.0129 ,-0.0141 ,232.5719 ,NAN,NAN,NAN,NAN,NAN,NAN,NAN,232.39 ,0.0020E-03,0.0000 ,NAN,NAN,NAN,2.290 ,780.286 ,---------,---------,---------,---------,---------,1,1,1,1
8,2019/04/13,04:03:36,318,232.54 ,232.54 ,233.25 ,-0.04 ,210.00 ,232.54 ,300.0 ,0.0000E-03,0.0000E-03,0.0000E-03,0.0011E-03,0.0000E-03,0.0000E-03, 5.0E-03,0.0000 ,0.0000 ,0.0000 ,Error    ,Error    ,50.000 ,Error    ,336.45 ,-336.03 ,0.0493E-03,-0.0543E-03,0.0140 ,-0.0132 ,232.5388 ,NAN,NAN,NAN,NAN,NAN,NAN,NAN,232.54 ,0.0023E-03,-0.0000 ,NAN,NAN,NAN,2.289 ,Error    ,---------,---------,---------,---------,---------,1,1,1,1
9,2019/04/13,04:03:36,421,232.59 ,232.59 ,233.32 ,-0.02 ,210.06 ,232.59 ,300.0 ,0.0000E-03,0.0000E-03,0.0000E-03,0.0012E-03,0.0000E-03,0.0000E-03, 5.0E-03,0.0000 ,0.0000 ,0.0000 ,Error    ,Error    ,49.994 ,Error    ,336.82 ,-336.37 ,0.0448E-03,-0.0448E-03,0.0143 ,-0.0142 ,232.5907 ,NAN,NAN,NAN,NAN,NAN,NAN,NAN,232.49 ,0.0024E-03,0.0001 ,NAN,NAN,NAN,2.320 ,754.100 ,---------,---------,---------,---------,---------,1,1,1,1
10,2019/04/13,04:03:36,520,232.66 ,232.66 ,233.37 ,0.01 ,210.11 ,232.66 ,300.0 ,0.0000E-03,0.0000E-03,0.0000E-03,0.0011E-03,0.0000E-03,0.0000E-03, 5.0E-03,-0.0000 ,0.0000 ,0.0000 ,Error    ,Error    ,50.001 ,Error    ,336.70 ,-336.50 ,0.0478E-03,-0.0463E-03,0.0141 ,-0.0126 ,232.6591 ,NAN,NAN,NAN,NAN,NAN,NAN,NAN,232.54 ,0.0020E-03,0.0001 ,NAN,NAN,NAN,2.280 ,770.660 ,---------,---------,---------,---------,---------,1,1,1,1
11,2019/04/13,04:03:36,617,232.61 ,232.61 ,233.30 ,-0.01 ,210.05 ,232.61 ,300.0 ,0.0000E-03,0.0000E-03,0.0000E-03,0.0012E-03,0.0000E-03,0.0000E-03, 5.0E-03,0.0000 ,0.0000 ,0.0000 ,Error    ,Error    ,50.013 ,Error    ,336.48 ,-336.50 ,0.0453E-03,-0.0393E-03,0.0132 ,-0.0128 ,232.6094 ,NAN,NAN,NAN,NAN,NAN,NAN,NAN,232.67 ,0.0020E-03,0.0000 ,NAN,NAN,NAN,2.337 ,Error    ,---------,---------,---------,---------,---------,1,1,1,1
12,2019/04/13,04:03:36,717,232.63 ,232.63 ,233.35 ,-0.02 ,210.09 ,232.63 ,300.0 ,0.0000E-03,0.0000E-03,0.0000E-03,0.0010E-03,0.0000E-03,0.0000E-03, 5.0E-03,-0.0000 ,0.0000 ,0.0000 ,Error    ,Error    ,50.009 ,Error    ,335.74 ,-334.92 ,0.0493E-03,-0.0443E-03,0.0147 ,-0.0133 ,232.6308 ,NAN,NAN,NAN,NAN,NAN,NAN,NAN,232.49 ,0.0021E-03,0.0000 ,NAN,NAN,NAN,2.321 ,Error    ,---------,---------,---------,---------,---------,1,1,1,1
13,2019/04/13,04:03:36,817,232.57 ,232.57 ,233.29 ,-0.02 ,210.03 ,232.57 ,300.0 ,0.0000E-03,0.0000E-03,0.0000E-03,0.0012E-03,0.0000E-03,0.0000E-03, 5.0E-03,-0.0000 ,0.0000 ,0.0000 ,Error    ,Error    ,50.008 ,Error    ,335.86 ,-335.60 ,0.0458E-03,-0.0478E-03,0.0136 ,-0.0142 ,232.5723 ,NAN,NAN,NAN,NAN,NAN,NAN,NAN,232.61 ,0.0021E-03,0.0000 ,NAN,NAN,NAN,2.333 ,Error    ,---------,---------,---------,---------,---------,1,1,1,1
14,2019/04/13,04:03:36,916,232.57 ,232.57 ,233.28 ,0.02 ,210.03 ,232.57 ,300.0 ,0.0000E-03,0.0000E-03,0.0000E-03,0.0010E-03,0.0000E-03,0.0000E-03, 5.0E-03,-0.0000 ,0.0000 ,0.0000 ,Error    ,Error    ,50.002 ,Error    ,335.43 ,-334.98 ,0.0468E-03,-0.0448E-03,0.0117 ,-0.0150 ,232.5667 ,NAN,NAN,NAN,NAN,NAN,NAN,NAN,232.57 ,0.0024E-03,-0.0000 ,NAN,NAN,NAN,2.312 ,599.833 ,---------,---------,---------,---------,---------,1,1,1,1
15,2019/04/13,04:03:37,017,232.61 ,232.61 ,233.30 ,0.00 ,210.04 ,232.61 ,300.0 ,0.0000E-03,0.0000E-03,0.0000E-03,0.0012E-03,0.0000E-03,0.0000E-03, 5.0E-03,0.0000 ,0.0000 ,0.0000 ,Error    ,Error    ,50.018 ,Error    ,335.92 ,-336.22 ,0.0483E-03,-0.0533E-03,0.0136 ,-0.0179 ,232.6078 ,NAN,NAN,NAN,NAN,NAN,NAN,NAN,232.49 ,0.0021E-03,0.0001 ,NAN,NAN,NAN,2.286 ,700.021 ,---------,---------,---------,---------,---------,1,1,1,1
16,2019/04/13,04:03:37,116,232.58 ,232.58 ,233.26 ,-0.05 ,210.01 ,232.58 ,300.0 ,0.0000E-03,0.0000E-03,0.0000E-03,0.0010E-03,0.0000E-03,0.0000E-03, 5.0E-03,-0.0000 ,0.0000 ,0.0000 ,Error    ,Error    ,50.016 ,Error    ,336.82 ,-336.16 ,0.0443E-03,-0.0458E-03,0.0142 ,-0.0133 ,232.5784 ,NAN,NAN,NAN,NAN,NAN,NAN,NAN,232.54 ,0.0020E-03,-0.0000 ,NAN,NAN,NAN,2.287 ,966.623 ,---------,---------,---------,---------,---------,1,1,1,1
17,2019/04/13,04:03:37,216,232.54 ,232.54 ,233.24 ,-0.01 ,209.99 ,232.54 ,300.0 ,0.0000E-03,0.0000E-03,0.0000E-03,0.0011E-03,0.0000E-03,0.0000E-03, 5.0E-03,0.0000 ,0.0000 ,0.0000 ,Error    ,Error    ,49.999 ,Error    ,337.32 ,-336.37 ,0.0478E-03,-0.0473E-03,0.0135 ,-0.0134 ,232.5399 ,NAN,NAN,NAN,NAN,NAN,NAN,NAN,232.54 ,0.0020E-03,0.0000 ,NAN,NAN,NAN,2.233 ,Error    ,---------,---------,---------,---------,---------,1,1,1,1
18,2019/04/13,04:03:37,317,232.59 ,232.59 ,233.30 ,0.02 ,210.04 ,232.59 ,300.0 ,0.0000E-03,0.0000E-03,0.0000E-03,0.0010E-03,0.0000E-03,0.0000E-03, 5.0E-03,0.0000 ,0.0000 ,0.0000 ,Error    ,Error    ,50.003 ,Error    ,336.17 ,-337.49 ,0.0453E-03,-0.0433E-03,0.0133 ,-0.0140 ,232.5855 ,NAN,NAN,NAN,NAN,NAN,NAN,NAN,232.53 ,0.0022E-03,-0.0000 ,NAN,NAN,NAN,2.272 ,602.528 ,---------,---------,---------,---------,---------,1,1,1,1
19,2019/04/13,04:03:37,419,232.53 ,232.53 ,233.27 ,-0.01 ,210.01 ,232.53 ,300.0 ,0.0000E-03,0.0000E-03,0.0000E-03,0.0010E-03,0.0000E-03,0.0000E-03, 5.0E-03,0.0000 ,0.0000 ,0.0000 ,Error    ,Error    ,50.011 ,Error    ,335.98 ,-335.41 ,0.0553E-03,-0.0408E-03,0.0131 ,-0.0138 ,232.5343 ,NAN,NAN,NAN,NAN,NAN,NAN,NAN,232.55 ,0.0022E-03,-0.0000 ,NAN,NAN,NAN,2.341 ,911.787 ,---------,---------,---------,---------,---------,1,1,1,1
20,2019/04/13,04:03:37,517,232.60 ,232.60 ,233.30 ,0.01 ,210.04 ,232.60 ,300.0 ,0.0000E-03,0.0000E-03,0.0000E-03,0.0009E-03,0.0000E-03,0.0000E-03, 5.0E-03,-0.0000 ,0.0000 ,0.0000 ,Error    ,Error    ,50.014 ,Error    ,337.01 ,-337.37 ,0.0423E-03,-0.0463E-03,0.0134 ,-0.0128 ,232.5967 ,NAN,NAN,NAN,NAN,NAN,NAN,NAN,232.60 ,0.0018E-03,-0.0000 ,NAN,NAN,NAN,2.277 ,Error    ,---------,---------,---------,---------,---------,1,1,1,1
21,2019/04/13,04:03:37,617,232.54 ,232.54 ,233.25 ,-0.03 ,210.00 ,232.54 ,300.0 ,0.0000E-03,0.0000E-03,0.0000E-03,0.0012E-03,0.0000E-03,0.0000E-03, 5.0E-03,0.0000 ,0.0000 ,0.0000 ,Error    ,Error    ,49.991 ,Error    ,335.33 ,-336.99 ,0.0508E-03,-0.0503E-03,0.0125 ,-0.0170 ,232.5444 ,NAN,NAN,NAN,NAN,NAN,NAN,NAN,232.51 ,0.0021E-03,-0.0001 ,NAN,NAN,NAN,2.204 ,566.856 ,---------,---------,---------,---------,---------,1,1,1,1
22,2019/04/13,04:03:37,718,232.52 ,232.52 ,233.21 ,-0.04 ,209.96 ,232.52 ,300.0 ,0.0000E-03,0.0000E-03,0.0000E-03,0.0010E-03,0.0000E-03,0.0000E-03, 5.0E-03,0.0000 ,0.0000 ,0.0000 ,Error    ,Error    ,50.008 ,Error    ,336.88 ,-336.47 ,0.0493E-03,-0.0443E-03,0.0135 ,-0.0165 ,232.5242 ,NAN,NAN,NAN,NAN,NAN,NAN,NAN,232.49 ,0.0019E-03,0.0000 ,NAN,NAN,NAN,2.288 ,585.422 ,---------,---------,---------,---------,---------,1,1,1,1
23,2019/04/13,04:03:37,817,232.55 ,232.55 ,233.25 ,0.02 ,210.00 ,232.55 ,300.0 ,0.0000E-03,0.0000E-03,0.0000E-03,0.0012E-03,0.0000E-03,0.0000E-03, 5.0E-03,-0.0000 ,0.0000 ,0.0000 ,Error    ,Error    ,50.007 ,Error    ,336.05 ,-335.23 ,0.0458E-03,-0.0433E-03,0.0127 ,-0.0142 ,232.5535 ,NAN,NAN,NAN,NAN,NAN,NAN,NAN,232.52 ,0.0022E-03,0.0000 ,NAN,NAN,NAN,2.333 ,709.245 ,---------,---------,---------,---------,---------,1,1,1,1
24,2019/04/13,04:03:37,917,232.52 ,232.52 ,233.21 ,-0.03 ,209.97 ,232.52 ,300.0 ,0.0000E-03,0.0000E-03,0.0000E-03,0.0010E-03,0.0000E-03,0.0000E-03, 5.0E-03,-0.0000 ,0.0000 ,0.0000 ,Error    ,Error    ,50.011 ,Error    ,336.23 ,-335.23 ,0.0458E-03,-0.0433E-03,0.0141 ,-0.0145 ,232.5230 ,NAN,NAN,NAN,NAN,NAN,NAN,NAN,232.44 ,0.0018E-03,-0.0000 ,NAN,NAN,NAN,2.187 ,368.905 ,---------,---------,---------,---------,---------,1,1,1,1
25,2019/04/13,04:03:38,017,232.53 ,232.53 ,233.23 ,-0.03 ,209.98 ,232.53 ,300.0 ,0.0000E-03,0.0000E-03,0.0000E-03,0.0011E-03,0.0000E-03,0.0000E-03, 5.0E-03,0.0000 ,0.0000 ,0.0000 ,Error    ,Error    ,49.998 ,Error    ,335.86 ,-335.51 ,0.0428E-03,-0.0418E-03,0.0138 ,-0.0131 ,232.5347 ,NAN,NAN,NAN,NAN,NAN,NAN,NAN,232.49 ,0.0020E-03,0.0001 ,NAN,NAN,NAN,2.257 ,754.906 ,---------,---------,---------,---------,---------,1,1,1,1
26,2019/04/13,04:03:38,116,232.53 ,232.53 ,233.27 ,-0.01 ,210.01 ,232.53 ,300.0 ,0.0000E-03,0.0000E-03,0.0000E-03,0.0009E-03,0.0000E-03,0.0000E-03, 5.0E-03,-0.0000 ,0.0000 ,0.0000 ,Error    ,Error    ,50.007 ,Error    ,336.17 ,-336.19 ,0.0468E-03,-0.0433E-03,0.0131 ,-0.0138 ,232.5342 ,NAN,NAN,NAN,NAN,NAN,NAN,NAN,232.51 ,0.0020E-03,-0.0000 ,NAN,NAN,NAN,2.259 ,Error    ,---------,---------,---------,---------,---------,1,1,1,1
27,2019/04/13,04:03:38,218,232.53 ,232.53 ,233.21 ,-0.01 ,209.97 ,232.53 ,300.0 ,0.0000E-03,0.0000E-03,0.0000E-03,0.0011E-03,0.0000E-03,0.0000E-03, 5.0E-03,0.0000 ,0.0000 ,0.0000 ,Error    ,Error    ,50.015 ,Error    ,336.79 ,-337.06 ,0.0448E-03,-0.0473E-03,0.0124 ,-0.0155 ,232.5325 ,NAN,NAN,NAN,NAN,NAN,NAN,NAN,232.58 ,0.0021E-03,0.0001 ,NAN,NAN,NAN,2.226 ,871.574 ,---------,---------,---------,---------,---------,1,1,1,1
28,2019/04/13,04:03:38,318,232.51 ,232.51 ,233.22 ,-0.02 ,209.97 ,232.51 ,300.0 ,0.0000E-03,0.0000E-03,0.0000E-03,0.0011E-03,0.0000E-03,0.0000E-03, 5.0E-03,-0.0000 ,0.0000 ,0.0000 ,Error    ,Error    ,50.010 ,Error    ,335.95 ,-336.37 ,0.0483E-03,-0.0448E-03,0.0131 ,-0.0149 ,232.5118 ,NAN,NAN,NAN,NAN,NAN,NAN,NAN,232.63 ,0.0020E-03,0.0000 ,NAN,NAN,NAN,2.271 ,879.751 ,---------,---------,---------,---------,---------,1,1,1,1
29,2019/04/13,04:03:38,421,232.48 ,232.48 ,233.19 ,0.01 ,209.94 ,232.48 ,300.0 ,0.0000E-03,0.0000E-03,0.0000E-03,0.0012E-03,0.0000E-03,0.0000E-03, 5.0E-03,0.0000 ,0.0000 ,0.0000 ,Error    ,Error    ,50.002 ,Error    ,335.58 ,-335.63 ,0.0433E-03,-0.0458E-03,0.0127 ,-0.0133 ,232.4844 ,NAN,NAN,NAN,NAN,NAN,NAN,NAN,232.56 ,0.0020E-03,0.0001 ,NAN,NAN,NAN,2.296 ,607.355 ,---------,---------,---------,---------,---------,1,1,1,1
30,2019/04/13,04:03:38,516,232.49 ,232.49 ,233.18 ,0.04 ,209.93 ,232.49 ,300.0 ,0.0000E-03,0.0000E-03,0.0000E-03,0.0008E-03,0.0000E-03,0.0000E-03, 5.0E-03,0.0000 ,0.0000 ,0.0000 ,Error    ,Error    ,50.003 ,Error    ,335.21 ,-336.16 ,0.0448E-03,-0.0443E-03,0.0135 ,-0.0134 ,232.4925 ,NAN,NAN,NAN,NAN,NAN,NAN,NAN,232.49 ,0.0021E-03,-0.0000 ,NAN,NAN,NAN,2.310 ,565.119 ,---------,---------,---------,---------,---------,1,1,1,1
31,2019/04/13,04:03:38,619,232.49 ,232.49 ,233.16 ,-0.03 ,209.92 ,232.49 ,300.0 ,0.0000E-03,0.0000E-03,0.0000E-03,0.0013E-03,0.0000E-03,0.0000E-03, 5.0E-03,0.0000 ,0.0000 ,0.0000 ,Error    ,Error    ,50.006 ,Error    ,336.26 ,-335.97 ,0.0483E-03,-0.0458E-03,0.0140 ,-0.0128 ,232.4936 ,NAN,NAN,NAN,NAN,NAN,NAN,NAN,232.46 ,0.0020E-03,-0.0000 ,NAN,NAN,NAN,2.313 ,456.100 ,---------,---------,---------,---------,---------,1,1,1,1
32,2019/04/13,04:03:38,717,232.55 ,232.55 ,233.30 ,0.00 ,210.05 ,232.55 ,300.0 ,0.0000E-03,0.0000E-03,0.0000E-03,0.0011E-03,0.0000E-03,0.0000E-03, 5.0E-03,0.0000 ,0.0000 ,0.0000 ,Error    ,Error    ,50.005 ,Error    ,336.42 ,-336.34 ,0.0483E-03,-0.0423E-03,0.0149 ,-0.0133 ,232.5536 ,NAN,NAN,NAN,NAN,NAN,NAN,NAN,232.59 ,0.0020E-03,-0.0000 ,NAN,NAN,NAN,2.260 ,Error    ,---------,---------,---------,---------,---------,1,1,1,1
33,2019/04/13,04:03:38,817,232.53 ,232.53 ,233.28 ,0.00 ,210.02 ,232.53 ,300.0 ,0.0000E-03,0.0000E-03,0.0000E-03,0.0009E-03,0.0000E-03,0.0000E-03, 5.0E-03,0.0000 ,0.0000 ,0.0000 ,Error    ,Error    ,50.006 ,Error    ,336.20 ,-336.72 ,0.0538E-03,-0.0458E-03,0.0138 ,-0.0127 ,232.5333 ,NAN,NAN,NAN,NAN,NAN,NAN,NAN,232.50 ,0.0020E-03,0.0000 ,NAN,NAN,NAN,2.253 ,994.059 ,---------,---------,---------,---------,---------,1,1,1,1
34,2019/04/13,04:03:38,917,232.46 ,232.46 ,233.15 ,-0.01 ,209.91 ,232.46 ,300.0 ,0.0000E-03,0.0000E-03,0.0000E-03,0.0009E-03,0.0000E-03,0.0000E-03, 5.0E-03,-0.0000 ,0.0000 ,0.0000 ,Error    ,Error    ,50.006 ,Error    ,335.64 ,-335.94 ,0.0438E-03,-0.0478E-03,0.0129 ,-0.0145 ,232.4628 ,NAN,NAN,NAN,NAN,NAN,NAN,NAN,232.56 ,0.0021E-03,-0.0000 ,NAN,NAN,NAN,2.307 ,920.403 ,---------,---------,---------,---------,---------,1,1,1,1
35,2019/04/13,04:03:39,017,232.42 ,232.42 ,233.12 ,-0.02 ,209.88 ,232.42 ,300.0 ,0.0000E-03,0.0000E-03,0.0000E-03,0.0012E-03,0.0000E-03,0.0000E-03, 5.0E-03,-0.0000 ,0.0000 ,0.0000 ,Error    ,Error    ,49.995 ,Error    ,336.73 ,-336.28 ,0.0513E-03,-0.0468E-03,0.0142 ,-0.0120 ,232.4168 ,NAN,NAN,NAN,NAN,NAN,NAN,NAN,232.45 ,0.0021E-03,-0.0001 ,NAN,NAN,NAN,2.258 ,501.726 ,---------,---------,---------,---------,---------,1,1,1,1
36,2019/04/13,04:03:39,117,232.53 ,232.53 ,233.25 ,-0.02 ,210.00 ,232.53 ,300.0 ,0.0000E-03,0.0000E-03,0.0000E-03,0.0011E-03,0.0000E-03,0.0000E-03, 5.0E-03,-0.0000 ,0.0000 ,0.0000 ,Error    ,Error    ,50.005 ,Error    ,336.17 ,-335.35 ,0.0433E-03,-0.0438E-03,0.0125 ,-0.0138 ,232.5348 ,NAN,NAN,NAN,NAN,NAN,NAN,NAN,232.61 ,0.0020E-03,-0.0000 ,NAN,NAN,NAN,2.328 ,Error    ,---------,---------,---------,---------,---------,1,1,1,1
37,2019/04/13,04:03:39,217,232.55 ,232.55 ,233.27 ,-0.05 ,210.02 ,232.55 ,300.0 ,0.0000E-03,0.0000E-03,0.0000E-03,0.0012E-03,0.0000E-03,0.0000E-03, 5.0E-03,-0.0000 ,0.0000 ,0.0000 ,Error    ,Error    ,50.008 ,Error    ,335.15 ,-335.35 ,0.0468E-03,-0.0498E-03,0.0131 ,-0.0155 ,232.5471 ,NAN,NAN,NAN,NAN,NAN,NAN,NAN,232.56 ,0.0022E-03,-0.0000 ,NAN,NAN,NAN,2.301 ,699.885 ,---------,---------,---------,---------,---------,1,1,1,1
38,2019/04/13,04:03:39,318,232.58 ,232.58 ,233.29 ,0.03 ,210.04 ,232.58 ,300.0 ,0.0000E-03,0.0000E-03,0.0000E-03,0.0009E-03,0.0000E-03,0.0000E-03, 5.0E-03,0.0000 ,0.0000 ,0.0000 ,Error    ,Error    ,50.016 ,Error    ,336.51 ,-336.99 ,0.0463E-03,-0.0468E-03,0.0129 ,-0.0144 ,232.5810 ,NAN,NAN,NAN,NAN,NAN,NAN,NAN,232.52 ,0.0020E-03,-0.0000 ,NAN,NAN,NAN,2.263 ,Error    ,---------,---------,---------,---------,---------,1,1,1,1
39,2019/04/13,04:03:39,420,232.57 ,232.57 ,233.29 ,-0.01 ,210.04 ,232.57 ,300.0 ,0.0000E-03,0.0000E-03,0.0000E-03,0.0011E-03,0.0000E-03,0.0000E-03, 5.0E-03,0.0000 ,0.0000 ,0.0000 ,Error    ,Error    ,50.006 ,Error    ,336.01 ,-335.20 ,0.0458E-03,-0.0458E-03,0.0133 ,-0.0138 ,232.5733 ,NAN,NAN,NAN,NAN,NAN,NAN,NAN,232.50 ,0.0023E-03,0.0000 ,NAN,NAN,NAN,2.236 ,506.182 ,---------,---------,---------,---------,---------,1,1,1,1
40,2019/04/13,04:03:39,517,232.52 ,232.52 ,233.22 ,-0.04 ,209.97 ,232.52 ,300.0 ,0.0000E-03,0.0000E-03,0.0000E-03,0.0011E-03,0.0000E-03,0.0000E-03, 5.0E-03,-0.0000 ,0.0000 ,0.0000 ,Error    ,Error    ,50.008 ,Error    ,335.12 ,-336.41 ,0.0473E-03,-0.0448E-03,0.0140 ,-0.0136 ,232.5217 ,NAN,NAN,NAN,NAN,NAN,NAN,NAN,232.53 ,0.0020E-03,-0.0001 ,NAN,NAN,NAN,2.308 ,475.322 ,---------,---------,---------,---------,---------,1,1,1,1
41,2019/04/13,04:03:39,617,232.51 ,232.51 ,233.22 ,0.01 ,209.97 ,232.51 ,300.0 ,0.0000E-03,0.0000E-03,0.0000E-03,0.0010E-03,0.0000E-03,0.0000E-03, 5.0E-03,-0.0000 ,0.0000 ,0.0000 ,Error    ,Error    ,50.006 ,Error    ,335.80 ,-336.47 ,0.0438E-03,-0.0418E-03,0.0138 ,-0.0138 ,232.5071 ,NAN,NAN,NAN,NAN,NAN,NAN,NAN,232.41 ,0.0021E-03,0.0000 ,NAN,NAN,NAN,2.207 ,Error    ,---------,---------,---------,---------,---------,1,1,1,1
42,2019/04/13,04:03:39,717,232.50 ,232.50 ,233.20 ,-0.05 ,209.95 ,232.50 ,300.0 ,0.0000E-03,0.0000E-03,0.0000E-03,0.0011E-03,0.0000E-03,0.0000E-03, 5.0E-03,0.0000 ,0.0000 ,0.0000 ,Error    ,Error    ,50.007 ,Error    ,336.60 ,-336.22 ,0.0468E-03,-0.0473E-03,0.0149 ,-0.0122 ,232.5019 ,NAN,NAN,NAN,NAN,NAN,NAN,NAN,232.60 ,0.0021E-03,-0.0000 ,NAN,NAN,NAN,2.338 ,898.448 ,---------,---------,---------,---------,---------,1,1,1,1
43,2019/04/13,04:03:39,817,232.54 ,232.54 ,233.27 ,-0.03 ,210.01 ,232.54 ,300.0 ,0.0000E-03,0.0000E-03,0.0000E-03,0.0010E-03,0.0000E-03,0.0000E-03, 5.0E-03,0.0000 ,0.0000 ,0.0000 ,Error    ,Error    ,50.007 ,Error    ,335.98 ,-335.20 ,0.0483E-03,-0.0463E-03,0.0134 ,-0.0143 ,232.5373 ,NAN,NAN,NAN,NAN,NAN,NAN,NAN,232.45 ,0.0018E-03,0.0000 ,NAN,NAN,NAN,2.203 ,639.223 ,---------,---------,---------,---------,---------,1,1,1,1
44,2019/04/13,04:03:39,917,232.57 ,232.57 ,233.28 ,-0.02 ,210.03 ,232.57 ,300.0 ,0.0000E-03,0.0000E-03,0.0000E-03,0.0009E-03,0.0000E-03,0.0000E-03, 5.0E-03,0.0000 ,0.0000 ,0.0000 ,Error    ,Error    ,50.008 ,Error    ,335.95 ,-335.48 ,0.0458E-03,-0.0513E-03,0.0143 ,-0.0141 ,232.5735 ,NAN,NAN,NAN,NAN,NAN,NAN,NAN,232.59 ,0.0018E-03,0.0000 ,NAN,NAN,NAN,2.276 ,Error    ,---------,---------,---------,---------,---------,1,1,1,1
45,2019/04/13,04:03:40,016,232.58 ,232.58 ,233.29 ,0.00 ,210.04 ,232.58 ,300.0 ,0.0000E-03,0.0000E-03,0.0000E-03,0.0012E-03,0.0000E-03,0.0000E-03, 5.0E-03,-0.0000 ,0.0000 ,0.0000 ,Error    ,Error    ,50.001 ,Error    ,335.95 ,-334.58 ,0.0473E-03,-0.0423E-03,0.0135 ,-0.0122 ,232.5761 ,NAN,NAN,NAN,NAN,NAN,NAN,NAN,232.53 ,0.0023E-03,0.0000 ,NAN,NAN,NAN,2.256 ,Error    ,---------,---------,---------,---------,---------,1,1,1,1
46,2019/04/13,04:03:40,116,232.58 ,232.58 ,233.31 ,-0.03 ,210.05 ,232.58 ,300.0 ,0.0000E-03,0.0000E-03,0.0000E-03,0.0010E-03,0.0000E-03,0.0000E-03, 5.0E-03,0.0000 ,0.0000 ,0.0000 ,Error    ,Error    ,50.005 ,Error    ,336.17 ,-336.59 ,0.0438E-03,-0.0428E-03,0.0142 ,-0.0130 ,232.5808 ,NAN,NAN,NAN,NAN,NAN,NAN,NAN,232.52 ,0.0021E-03,0.0001 ,NAN,NAN,NAN,2.282 ,432.830 ,---------,---------,---------,---------,---------,1,1,1,1
47,2019/04/13,04:03:40,216,232.57 ,232.57 ,233.28 ,-0.03 ,210.03 ,232.57 ,300.0 ,0.0000E-03,0.0000E-03,0.0000E-03,0.0012E-03,0.0000E-03,0.0000E-03, 5.0E-03,0.0000 ,0.0000 ,0.0000 ,Error    ,Error    ,49.997 ,Error    ,337.94 ,-337.83 ,0.0463E-03,-0.0523E-03,0.0124 ,-0.0135 ,232.5683 ,NAN,NAN,NAN,NAN,NAN,NAN,NAN,232.61 ,0.0023E-03,-0.0000 ,NAN,NAN,NAN,2.273 ,Error    ,---------,---------,---------,---------,---------,1,1,1,1
48,2019/04/13,04:03:40,317,232.57 ,232.57 ,233.28 ,0.01 ,210.02 ,232.57 ,300.0 ,0.0000E-03,0.0000E-03,0.0000E-03,0.0011E-03,0.0000E-03,0.0000E-03, 5.0E-03,0.0000 ,0.0000 ,0.0000 ,Error    ,Error    ,50.007 ,Error    ,336.54 ,-337.18 ,0.0428E-03,-0.0523E-03,0.0130 ,-0.0130 ,232.5720 ,NAN,NAN,NAN,NAN,NAN,NAN,NAN,232.49 ,0.0023E-03,-0.0000 ,NAN,NAN,NAN,2.249 ,688.317 ,---------,---------,---------,---------,---------,1,1,1,1
49,2019/04/13,04:03:40,420,232.57 ,232.57 ,233.26 ,-0.07 ,210.01 ,232.57 ,300.0 ,0.0000E-03,0.0000E-03,0.0000E-03,0.0012E-03,0.0000E-03,0.0000E-03, 5.0E-03,-0.0000 ,0.0000 ,0.0000 ,Error    ,Error    ,50.008 ,Error    ,336.14 ,-336.37 ,0.0453E-03,-0.0453E-03,0.0142 ,-0.0124 ,232.5697 ,NAN,NAN,NAN,NAN,NAN,NAN,NAN,232.65 ,0.0021E-03,-0.0000 ,NAN,NAN,NAN,2.259 ,588.676 ,---------,---------,---------,---------,---------,1,1,1,1
50,2019/04/13,04:03:40,517,232.57 ,232.57 ,233.28 ,0.01 ,210.02 ,232.57 ,300.0 ,0.0000E-03,0.0000E-03,0.0000E-03,0.0010E-03,0.0000E-03,0.0000E-03, 5.0E-03,-0.0000 ,0.0000 ,0.0000 ,Error    ,Error    ,50.013 ,Error    ,335.67 ,-336.41 ,0.0478E-03,-0.0463E-03,0.0148 ,-0.0132 ,232.5749 ,NAN,NAN,NAN,NAN,NAN,NAN,NAN,232.43 ,0.0020E-03,-0.0000 ,NAN,NAN,NAN,2.249 ,Error    ,---------,---------,---------,---------,---------,1,1,1,1
51,2019/04/13,04:03:40,618,232.59 ,232.59 ,233.31 ,-0.01 ,210.06 ,232.59 ,300.0 ,0.0000E-03,0.0000E-03,0.0000E-03,0.0010E-03,0.0000E-03,0.0000E-03, 5.0E-03,0.0000 ,0.0000 ,0.0000 ,Error    ,Error    ,50.017 ,Error    ,336.76 ,-336.28 ,0.0443E-03,-0.0448E-03,0.0147 ,-0.0131 ,232.5948 ,NAN,NAN,NAN,NAN,NAN,NAN,NAN,232.57 ,0.0025E-03,-0.0000 ,NAN,NAN,NAN,2.279 ,Error    ,---------,---------,---------,---------,---------,1,1,1,1
52,2019/04/13,04:03:40,718,232.54 ,232.54 ,233.25 ,0.01 ,210.00 ,232.54 ,300.0 ,0.0000E-03,0.0000E-03,0.0000E-03,0.0011E-03,0.0000E-03,0.0000E-03, 5.0E-03,0.0000 ,0.0000 ,0.0000 ,Error    ,Error    ,50.006 ,Error    ,336.67 ,-336.87 ,0.0498E-03,-0.0413E-03,0.0133 ,-0.0147 ,232.5377 ,NAN,NAN,NAN,NAN,NAN,NAN,NAN,232.60 ,0.0020E-03,0.0001 ,NAN,NAN,NAN,2.291 ,484.813 ,---------,---------,---------,---------,---------,1,1,1,1
53,2019/04/13,04:03:40,817,232.56 ,232.56 ,233.27 ,0.00 ,210.02 ,232.56 ,300.0 ,0.0000E-03,0.0000E-03,0.0000E-03,0.0009E-03,0.0000E-03,0.0000E-03, 5.0E-03,0.0000 ,0.0000 ,0.0000 ,Error    ,Error    ,50.000 ,Error    ,336.82 ,-336.96 ,0.0428E-03,-0.0428E-03,0.0133 ,-0.0125 ,232.5589 ,NAN,NAN,NAN,NAN,NAN,NAN,NAN,232.49 ,0.0021E-03,-0.0001 ,NAN,NAN,NAN,2.290 ,296.883 ,---------,---------,---------,---------,---------,1,1,1,1
54,2019/04/13,04:03:40,917,232.63 ,232.63 ,233.32 ,-0.01 ,210.07 ,232.63 ,300.0 ,0.0000E-03,0.0000E-03,0.0000E-03,0.0009E-03,0.0000E-03,0.0000E-03, 5.0E-03,-0.0000 ,0.0000 ,0.0000 ,Error    ,Error    ,50.018 ,Error    ,336.57 ,-337.40 ,0.0493E-03,-0.0463E-03,0.0135 ,-0.0154 ,232.6271 ,NAN,NAN,NAN,NAN,NAN,NAN,NAN,232.70 ,0.0021E-03,0.0000 ,NAN,NAN,NAN,2.253 ,Error    ,---------,---------,---------,---------,---------,1,1,1,1
55,2019/04/13,04:03:41,017,232.49 ,232.49 ,233.17 ,0.03 ,209.93 ,232.49 ,300.0 ,0.0000E-03,0.0000E-03,0.0000E-03,0.0010E-03,0.0000E-03,0.0000E-03, 5.0E-03,0.0000 ,0.0000 ,0.0000 ,Error    ,Error    ,50.013 ,Error    ,336.26 ,-336.53 ,0.0453E-03,-0.0463E-03,0.0128 ,-0.0125 ,232.4901 ,NAN,NAN,NAN,NAN,NAN,NAN,NAN,232.43 ,0.0022E-03,-0.0000 ,NAN,NAN,NAN,2.268 ,Error    ,---------,---------,---------,---------,---------,1,1,1,1
56,2019/04/13,04:03:41,117,232.50 ,232.50 ,233.23 ,-0.05 ,209.98 ,232.50 ,300.0 ,0.0000E-03,0.0000E-03,0.0000E-03,0.0011E-03,0.0000E-03,0.0000E-03, 5.0E-03,0.0000 ,0.0000 ,0.0000 ,Error    ,Error    ,50.004 ,Error    ,337.13 ,-335.79 ,0.0473E-03,-0.0468E-03,0.0136 ,-0.0132 ,232.5026 ,NAN,NAN,NAN,NAN,NAN,NAN,NAN,232.51 ,0.0022E-03,0.0000 ,NAN,NAN,NAN,2.370 ,641.877 ,---------,---------,---------,---------,---------,1,1,1,1
57,2019/04/13,04:03:41,217,232.45 ,232.45 ,233.14 ,-0.00 ,209.90 ,232.45 ,300.0 ,0.0000E-03,0.0000E-03,0.0000E-03,0.0013E-03,0.0000E-03,0.0000E-03, 5.0E-03,0.0000 ,0.0000 ,0.0000 ,Error    ,Error    ,50.000 ,Error    ,335.74 ,-336.81 ,0.0498E-03,-0.0453E-03,0.0148 ,-0.0144 ,232.4522 ,NAN,NAN,NAN,NAN,NAN,NAN,NAN,232.40 ,0.0020E-03,0.0000 ,NAN,NAN,NAN,2.306 ,511.927 ,---------,---------,---------,---------,---------,1,1,1,1
58,2019/04/13,04:03:41,318,232.39 ,232.39 ,233.11 ,-0.04 ,209.87 ,232.39 ,300.0 ,0.0000E-03,0.0000E-03,0.0000E-03,0.0011E-03,0.0000E-03,0.0000E-03, 5.0E-03,-0.0000 ,0.0000 ,0.0000 ,Error    ,Error    ,50.005 ,Error    ,337.19 ,-336.03 ,0.0468E-03,-0.0433E-03,0.0143 ,-0.0134 ,232.3928 ,NAN,NAN,NAN,NAN,NAN,NAN,NAN,232.40 ,0.0020E-03,-0.0000 ,NAN,NAN,NAN,2.229 ,Error    ,---------,---------,---------,---------,---------,1,1,1,1
59,2019/04/13,04:03:41,421,232.51 ,232.51 ,233.23 ,-0.04 ,209.98 ,232.51 ,300.0 ,0.0000E-03,0.0000E-03,0.0000E-03,0.0010E-03,0.0000E-03,0.0000E-03, 5.0E-03,0.0000 ,0.0000 ,0.0000 ,Error    ,Error    ,50.013 ,Error    ,335.46 ,-335.20 ,0.0483E-03,-0.0473E-03,0.0141 ,-0.0135 ,232.5083 ,NAN,NAN,NAN,NAN,NAN,NAN,NAN,232.65 ,0.0021E-03,-0.0000 ,NAN,NAN,NAN,2.332 ,635.510 ,---------,---------,---------,---------,---------,1,1,1,1
60,2019/04/13,04:03:41,517,232.50 ,232.50 ,233.22 ,0.01 ,209.98 ,232.50 ,300.0 ,0.0000E-03,0.0000E-03,0.0000E-03,0.0011E-03,0.0000E-03,0.0000E-03, 5.0E-03,-0.0000 ,0.0000 ,0.0000 ,Error    ,Error    ,50.006 ,Error    ,336.20 ,-336.25 ,0.0458E-03,-0.0488E-03,0.0133 ,-0.0138 ,232.4976 ,NAN,NAN,NAN,NAN,NAN,NAN,NAN,232.51 ,0.0022E-03,-0.0001 ,NAN,NAN,NAN,2.261 ,914.112 ,---------,---------,---------,---------,---------,1,1,1,1
61,2019/04/13,04:03:41,617,232.44 ,232.44 ,233.13 ,-0.00 ,209.89 ,232.44 ,300.0 ,0.0000E-03,0.0000E-03,0.0000E-03,0.0012E-03,0.0000E-03,0.0000E-03, 5.0E-03,-0.0000 ,0.0000 ,0.0000 ,Error    ,Error    ,50.013 ,Error    ,337.10 ,-335.20 ,0.0468E-03,-0.0508E-03,0.0152 ,-0.0133 ,232.4432 ,NAN,NAN,NAN,NAN,NAN,NAN,NAN,232.57 ,0.0022E-03,-0.0000 ,NAN,NAN,NAN,2.306 ,Error    ,---------,---------,---------,---------,---------,1,1,1,1
62,2019/04/13,04:03:41,717,232.55 ,232.55 ,233.27 ,0.01 ,210.02 ,232.55 ,300.0 ,0.0000E-03,0.0000E-03,0.0000E-03,0.0011E-03,0.0000E-03,0.0000E-03, 5.0E-03,0.0000 ,0.0000 ,0.0000 ,Error    ,Error    ,49.997 ,Error    ,336.98 ,-336.25 ,0.0443E-03,-0.0428E-03,0.0124 ,-0.0140 ,232.5515 ,NAN,NAN,NAN,NAN,NAN,NAN,NAN,232.53 ,0.0021E-03,0.0000 ,NAN,NAN,NAN,2.298 ,Error    ,---------,---------,---------,---------,---------,1,1,1,1
63,2019/04/13,04:03:41,818,232.57 ,232.57 ,233.29 ,-0.01 ,210.04 ,232.57 ,300.0 ,0.0000E-03,0.0000E-03,0.0000E-03,0.0011E-03,0.0000E-03,0.0000E-03, 5.0E-03,-0.0000 ,0.0000 ,0.0000 ,Error    ,Error    ,50.005 ,Error    ,335.77 ,-335.32 ,0.0428E-03,-0.0493E-03,0.0130 ,-0.0130 ,232.5653 ,NAN,NAN,NAN,NAN,NAN,NAN,NAN,232.58 ,0.0021E-03,0.0001 ,NAN,NAN,NAN,2.260 ,503.048 ,---------,---------,---------,---------,---------,1,1,1,1
64,2019/04/13,04:03:41,918,232.52 ,232.52 ,233.24 ,-0.02 ,209.99 ,232.52 ,300.0 ,0.0000E-03,0.0000E-03,0.0000E-03,0.0009E-03,0.0000E-03,0.0000E-03, 5.0E-03,-0.0000 ,0.0000 ,0.0000 ,Error    ,Error    ,49.998 ,Error    ,335.55 ,-335.23 ,0.0498E-03,-0.0448E-03,0.0140 ,-0.0142 ,232.5229 ,NAN,NAN,NAN,NAN,NAN,NAN,NAN,232.51 ,0.0019E-03,0.0000 ,NAN,NAN,NAN,2.272 ,Error    ,---------,---------,---------,---------,---------,1,1,1,1
65,2019/04/13,04:03:42,017,232.59 ,232.59 ,233.31 ,-0.04 ,210.05 ,232.59 ,300.0 ,0.0000E-03,0.0000E-03,0.0000E-03,0.0013E-03,0.0000E-03,0.0000E-03, 5.0E-03,-0.0000 ,0.0000 ,0.0000 ,Error    ,Error    ,50.012 ,Error    ,336.17 ,-336.87 ,0.0473E-03,-0.0488E-03,0.0136 ,-0.0148 ,232.5888 ,NAN,NAN,NAN,NAN,NAN,NAN,NAN,232.55 ,0.0022E-03,-0.0000 ,NAN,NAN,NAN,2.298 ,527.975 ,---------,---------,---------,---------,---------,1,1,1,1
66,2019/04/13,04:03:42,117,232.66 ,232.66 ,233.33 ,-0.03 ,210.08 ,232.66 ,300.0 ,0.0000E-03,0.0000E-03,0.0000E-03,0.0010E-03,0.0000E-03,0.0000E-03, 5.0E-03,-0.0000 ,0.0000 ,0.0000 ,Error    ,Error    ,50.013 ,Error    ,337.01 ,-337.52 ,0.0478E-03,-0.0448E-03,0.0128 ,-0.0155 ,232.6575 ,NAN,NAN,NAN,NAN,NAN,NAN,NAN,232.64 ,0.0021E-03,-0.0001 ,NAN,NAN,NAN,2.238 ,484.707 ,---------,---------,---------,---------,---------,1,1,1,1
67,2019/04/13,04:03:42,216,232.70 ,232.70 ,233.40 ,-0.02 ,210.14 ,232.70 ,300.0 ,0.0000E-03,0.0000E-03,0.0000E-03,0.0012E-03,0.0000E-03,0.0000E-03, 5.0E-03,0.0000 ,0.0000 ,0.0000 ,Error    ,Error    ,50.007 ,Error    ,336.91 ,-337.15 ,0.0473E-03,-0.0423E-03,0.0127 ,-0.0147 ,232.7016 ,NAN,NAN,NAN,NAN,NAN,NAN,NAN,232.62 ,0.0019E-03,0.0000 ,NAN,NAN,NAN,2.283 ,Error    ,---------,---------,---------,---------,---------,1,1,1,1
68,2019/04/13,04:03:42,317,232.64 ,232.64 ,233.35 ,-0.01 ,210.09 ,232.64 ,300.0 ,0.0000E-03,0.0000E-03,0.0000E-03,0.0011E-03,0.0000E-03,0.0000E-03, 5.0E-03,-0.0000 ,0.0000 ,0.0000 ,Error    ,Error    ,50.015 ,Error    ,337.44 ,-336.78 ,0.0503E-03,-0.0503E-03,0.0132 ,-0.0164 ,232.6437 ,NAN,NAN,NAN,NAN,NAN,NAN,NAN,232.62 ,0.0021E-03,0.0000 ,NAN,NAN,NAN,2.239 ,Error    ,---------,---------,---------,---------,---------,1,1,1,1
69,2019/04/13,04:03:42,421,232.61 ,232.61 ,233.32 ,-0.03 ,210.06 ,232.61 ,300.0 ,0.0000E-03,0.0000E-03,0.0000E-03,0.0010E-03,0.0000E-03,0.0000E-03, 5.0E-03,0.0000 ,0.0000 ,0.0000 ,Error    ,Error    ,50.013 ,Error    ,337.10 ,-336.56 ,0.0438E-03,-0.0453E-03,0.0151 ,-0.0132 ,232.6069 ,NAN,NAN,NAN,NAN,NAN,NAN,NAN,232.59 ,0.0023E-03,-0.0000 ,NAN,NAN,NAN,2.253 ,Error    ,---------,---------,---------,---------,---------,1,1,1,1
70,2019/04/13,04:03:42,516,232.63 ,232.63 ,233.36 ,0.02 ,210.10 ,232.63 ,300.0 ,0.0000E-03,0.0000E-03,0.0000E-03,0.0010E-03,0.0000E-03,0.0000E-03, 5.0E-03,-0.0000 ,0.0000 ,0.0000 ,Error    ,Error    ,50.009 ,Error    ,336.26 ,-335.94 ,0.0468E-03,-0.0528E-03,0.0134 ,-0.0145 ,232.6273 ,NAN,NAN,NAN,NAN,NAN,NAN,NAN,232.65 ,0.0019E-03,-0.0001 ,NAN,NAN,NAN,2.267 ,663.321 ,---------,---------,---------,---------,---------,1,1,1,1
71,2019/04/13,04:03:42,617,232.55 ,232.55 ,233.25 ,0.02 ,210.00 ,232.55 ,300.0 ,0.0000E-03,0.0000E-03,0.0000E-03,0.0011E-03,0.0000E-03,0.0000E-03, 5.0E-03,0.0000 ,0.0000 ,0.0000 ,Error    ,Error    ,50.006 ,Error    ,337.72 ,-336.90 ,0.0453E-03,-0.0493E-03,0.0151 ,-0.0145 ,232.5543 ,NAN,NAN,NAN,NAN,NAN,NAN,NAN,232.62 ,0.0019E-03,0.0001 ,NAN,NAN,NAN,2.258 ,411.744 ,---------,---------,---------,---------,---------,1,1,1,1
72,2019/04/13,04:03:42,718,232.59 ,232.59 ,233.35 ,-0.09 ,210.08 ,232.59 ,300.0 ,0.0000E-03,0.0000E-03,0.0000E-03,0.0011E-03,0.0000E-03,0.0000E-03, 5.0E-03,-0.0000 ,0.0000 ,0.0000 ,Error    ,Error    ,50.019 ,Error    ,336.60 ,-336.65 ,0.0478E-03,-0.0463E-03,0.0153 ,-0.0129 ,232.5932 ,NAN,NAN,NAN,NAN,NAN,NAN,NAN,232.70 ,0.0020E-03,-0.0000 ,NAN,NAN,NAN,2.360 ,Error    ,---------,---------,---------,---------,---------,1,1,1,1
73,2019/04/13,04:03:42,816,232.51 ,232.51 ,233.22 ,0.00 ,209.97 ,232.51 ,300.0 ,0.0000E-03,0.0000E-03,0.0000E-03,0.0010E-03,0.0000E-03,0.0000E-03, 5.0E-03,0.0000 ,0.0000 ,0.0000 ,Error    ,Error    ,50.002 ,Error    ,336.23 ,-336.41 ,0.0493E-03,-0.0448E-03,0.0133 ,-0.0123 ,232.5094 ,NAN,NAN,NAN,NAN,NAN,NAN,NAN,232.44 ,0.0022E-03,0.0000 ,NAN,NAN,NAN,2.306 ,586.077 ,---------,---------,---------,---------,---------,1,1,1,1
74,2019/04/13,04:03:42,917,232.54 ,232.54 ,233.25 ,0.07 ,210.00 ,232.54 ,300.0 ,0.0000E-03,0.0000E-03,0.0000E-03,0.0008E-03,0.0000E-03,0.0000E-03, 5.0E-03,-0.0000 ,0.0000 ,0.0000 ,Error    ,Error    ,50.002 ,Error    ,336.45 ,-335.63 ,0.0493E-03,-0.0483E-03,0.0127 ,-0.0126 ,232.5376 ,NAN,NAN,NAN,NAN,NAN,NAN,NAN,232.56 ,0.0020E-03,0.0000 ,NAN,NAN,NAN,2.264 ,Error    ,---------,---------,---------,---------,---------,1,1,1,1
75,2019/04/13,04:03:43,018,232.49 ,232.49 ,233.19 ,0.01 ,209.94 ,232.49 ,300.0 ,0.0000E-03,0.0000E-03,0.0000E-03,0.0010E-03,0.0000E-03,0.0000E-03, 5.0E-03,0.0000 ,0.0000 ,0.0000 ,Error    ,Error    ,50.008 ,Error    ,335.05 ,-335.23 ,0.0458E-03,-0.0453E-03,0.0150 ,-0.0142 ,232.4881 ,NAN,NAN,NAN,NAN,NAN,NAN,NAN,232.60 ,0.0024E-03,0.0001 ,NAN,NAN,NAN,2.268 ,562.783 ,---------,---------,---------,---------,---------,1,1,1,1
76,2019/04/13,04:03:43,118,232.53 ,232.53 ,233.22 ,-0.01 ,209.97 ,232.53 ,300.0 ,0.0000E-03,0.0000E-03,0.0000E-03,0.0011E-03,0.0000E-03,0.0000E-03, 5.0E-03,0.0000 ,0.0000 ,0.0000 ,Error    ,Error    ,50.005 ,Error    ,336.94 ,-336.53 ,0.0453E-03,-0.0433E-03,0.0148 ,-0.0141 ,232.5264 ,NAN,NAN,NAN,NAN,NAN,NAN,NAN,232.43 ,0.0021E-03,0.0000 ,NAN,NAN,NAN,2.277 ,Error    ,---------,---------,---------,---------,---------,1,1,1,1
77,2019/04/13,04:03:43,216,232.62 ,232.62 ,233.35 ,-0.03 ,210.09 ,232.62 ,300.0 ,0.0000E-03,0.0000E-03,0.0000E-03,0.0010E-03,0.0000E-03,0.0000E-03, 5.0E-03,0.0000 ,0.0000 ,0.0000 ,Error    ,Error    ,50.016 ,Error    ,335.70 ,-336.68 ,0.0463E-03,-0.0428E-03,0.0151 ,-0.0129 ,232.6217 ,NAN,NAN,NAN,NAN,NAN,NAN,NAN,232.59 ,0.0022E-03,0.0000 ,NAN,NAN,NAN,2.274 ,Error    ,---------,---------,---------,---------,---------,1,1,1,1
78,2019/04/13,04:03:43,318,232.56 ,232.56 ,233.26 ,-0.00 ,210.01 ,232.56 ,300.0 ,0.0000E-03,0.0000E-03,0.0000E-03,0.0010E-03,0.0000E-03,0.0000E-03, 5.0E-03,0.0000 ,0.0000 ,0.0000 ,Error    ,Error    ,49.999 ,Error    ,337.10 ,-336.53 ,0.0488E-03,-0.0458E-03,0.0142 ,-0.0127 ,232.5598 ,NAN,NAN,NAN,NAN,NAN,NAN,NAN,232.44 ,0.0021E-03,-0.0000 ,NAN,NAN,NAN,2.284 ,Error    ,---------,---------,---------,---------,---------,1,1,1,1
79,2019/04/13,04:03:43,420,232.59 ,232.59 ,233.28 ,-0.03 ,210.03 ,232.59 ,300.0 ,0.0000E-03,0.0000E-03,0.0000E-03,0.0012E-03,0.0000E-03,0.0000E-03, 5.0E-03,-0.0000 ,0.0000 ,0.0000 ,Error    ,Error    ,50.014 ,Error    ,336.32 ,-335.23 ,0.0453E-03,-0.0483E-03,0.0137 ,-0.0135 ,232.5938 ,NAN,NAN,NAN,NAN,NAN,NAN,NAN,232.59 ,0.0021E-03,0.0000 ,NAN,NAN,NAN,2.234 ,Error    ,---------,---------,---------,---------,---------,1,1,1,1
80,2019/04/13,04:03:43,517,232.53 ,232.53 ,233.24 ,0.01 ,209.99 ,232.53 ,300.0 ,0.0000E-03,0.0000E-03,0.0000E-03,0.0011E-03,0.0000E-03,0.0000E-03, 5.0E-03,-0.0000 ,0.0000 ,0.0000 ,Error    ,Error    ,50.005 ,Error    ,336.36 ,-335.63 ,0.0528E-03,-0.0443E-03,0.0148 ,-0.0167 ,232.5326 ,NAN,NAN,NAN,NAN,NAN,NAN,NAN,232.54 ,0.0021E-03,-0.0000 ,NAN,NAN,NAN,2.286 ,806.394 ,---------,---------,---------,---------,---------,1,1,1,1
81,2019/04/13,04:03:43,618,232.55 ,232.55 ,233.28 ,-0.03 ,210.03 ,232.55 ,300.0 ,0.0000E-03,0.0000E-03,0.0000E-03,0.0012E-03,0.0000E-03,0.0000E-03, 5.0E-03,0.0000 ,0.0000 ,0.0000 ,Error    ,Error    ,50.008 ,Error    ,335.74 ,-335.82 ,0.0508E-03,-0.0448E-03,0.0136 ,-0.0140 ,232.5535 ,NAN,NAN,NAN,NAN,NAN,NAN,NAN,232.58 ,0.0022E-03,0.0000 ,NAN,NAN,NAN,2.308 ,Error    ,---------,---------,---------,---------,---------,1,1,1,1
82,2019/04/13,04:03:43,730,232.50 ,232.50 ,233.20 ,-0.02 ,209.95 ,232.50 ,300.0 ,0.0000E-03,0.0000E-03,0.0000E-03,0.0011E-03,0.0000E-03,0.0000E-03, 5.0E-03,0.0000 ,0.0000 ,0.0000 ,Error    ,Error    ,49.998 ,Error    ,336.91 ,-336.10 ,0.0493E-03,-0.0548E-03,0.0136 ,-0.0136 ,232.4956 ,NAN,NAN,NAN,NAN,NAN,NAN,NAN,232.50 ,0.0018E-03,0.0000 ,NAN,NAN,NAN,2.265 ,888.919 ,---------,---------,---------,---------,---------,1,1,1,1
83,2019/04/13,04:03:43,817,232.53 ,232.53 ,233.22 ,0.00 ,209.97 ,232.53 ,300.0 ,0.0000E-03,0.0000E-03,0.0000E-03,0.0013E-03,0.0000E-03,0.0000E-03, 5.0E-03,0.0000 ,0.0000 ,0.0000 ,Error    ,Error    ,50.006 ,Error    ,336.98 ,-336.72 ,0.0488E-03,-0.0458E-03,0.0129 ,-0.0134 ,232.5288 ,NAN,NAN,NAN,NAN,NAN,NAN,NAN,232.47 ,0.0021E-03,0.0000 ,NAN,NAN,NAN,2.213 ,Error    ,---------,---------,---------,---------,---------,1,1,1,1
84,2019/04/13,04:03:43,919,232.64 ,232.64 ,233.35 ,0.02 ,210.09 ,232.64 ,300.0 ,0.0000E-03,0.0000E-03,0.0000E-03,0.0009E-03,0.0000E-03,0.0000E-03, 5.0E-03,0.0000 ,0.0000 ,0.0000 ,Error    ,Error    ,50.006 ,Error    ,337.01 ,-337.92 ,0.0428E-03,-0.0473E-03,0.0143 ,-0.0134 ,232.6376 ,NAN,NAN,NAN,NAN,NAN,NAN,NAN,232.58 ,0.0021E-03,0.0000 ,NAN,NAN,NAN,2.245 ,Error    ,---------,---------,---------,---------,---------,1,1,1,1
85,2019/04/13,04:03:44,017,232.56 ,232.56 ,233.25 ,-0.01 ,210.00 ,232.56 ,300.0 ,0.0000E-03,0.0000E-03,0.0000E-03,0.0012E-03,0.0000E-03,0.0000E-03, 5.0E-03,0.0000 ,0.0000 ,0.0000 ,Error    ,Error    ,50.008 ,Error    ,337.01 ,-337.37 ,0.0438E-03,-0.0433E-03,0.0134 ,-0.0133 ,232.5650 ,NAN,NAN,NAN,NAN,NAN,NAN,NAN,232.50 ,0.0021E-03,0.0000 ,NAN,NAN,NAN,2.294 ,995.157 ,---------,---------,---------,---------,---------,1,1,1,1
86,2019/04/13,04:03:44,116,232.57 ,232.57 ,233.28 ,-0.01 ,210.03 ,232.57 ,300.0 ,0.0000E-03,0.0000E-03,0.0000E-03,0.0009E-03,0.0000E-03,0.0000E-03, 5.0E-03,0.0000 ,0.0000 ,0.0000 ,Error    ,Error    ,50.012 ,Error    ,336.14 ,-337.40 ,0.0423E-03,-0.0448E-03,0.0138 ,-0.0138 ,232.5711 ,NAN,NAN,NAN,NAN,NAN,NAN,NAN,232.66 ,0.0021E-03,0.0000 ,NAN,NAN,NAN,2.317 ,847.910 ,---------,---------,---------,---------,---------,1,1,1,1
87,2019/04/13,04:03:44,217,232.55 ,232.55 ,233.26 ,-0.01 ,210.01 ,232.55 ,300.0 ,0.0000E-03,0.0000E-03,0.0000E-03,0.0011E-03,0.0000E-03,0.0000E-03, 5.0E-03,0.0000 ,0.0000 ,0.0000 ,Error    ,Error    ,50.006 ,Error    ,334.87 ,-336.00 ,0.0478E-03,-0.0478E-03,0.0151 ,-0.0139 ,232.5500 ,NAN,NAN,NAN,NAN,NAN,NAN,NAN,232.58 ,0.0021E-03,0.0001 ,NAN,NAN,NAN,2.248 ,471.029 ,---------,---------,---------,---------,---------,1,1,1,1
88,2019/04/13,04:03:44,317,232.56 ,232.56 ,233.24 ,-0.00 ,209.99 ,232.56 ,300.0 ,0.0000E-03,0.0000E-03,0.0000E-03,0.0011E-03,0.0000E-03,0.0000E-03, 5.0E-03,-0.0000 ,0.0000 ,0.0000 ,Error    ,Error    ,49.997 ,Error    ,336.42 ,-335.38 ,0.0473E-03,-0.0453E-03,0.0151 ,-0.0140 ,232.5552 ,NAN,NAN,NAN,NAN,NAN,NAN,NAN,232.34 ,0.0022E-03,0.0001 ,NAN,NAN,NAN,2.300 ,754.261 ,---------,---------,---------,---------,---------,1,1,1,1
89,2019/04/13,04:03:44,420,232.55 ,232.55 ,233.27 ,-0.02 ,210.01 ,232.55 ,300.0 ,0.0000E-03,0.0000E-03,0.0000E-03,0.0011E-03,0.0000E-03,0.0000E-03, 5.0E-03,0.0000 ,0.0000 ,0.0000 ,Error    ,Error    ,50.009 ,Error    ,336.23 ,-336.10 ,0.0493E-03,-0.0438E-03,0.0143 ,-0.0145 ,232.5481 ,NAN,NAN,NAN,NAN,NAN,NAN,NAN,232.46 ,0.0022E-03,0.0001 ,NAN,NAN,NAN,2.313 ,574.887 ,---------,---------,---------,---------,---------,1,1,1,1
90,2019/04/13,04:03:44,516,232.47 ,232.47 ,233.22 ,-0.01 ,209.97 ,232.47 ,300.0 ,0.0000E-03,0.0000E-03,0.0000E-03,0.0011E-03,0.0000E-03,0.0000E-03, 5.0E-03,-0.0000 ,0.0000 ,0.0000 ,Error    ,Error    ,50.006 ,Error    ,336.63 ,-335.94 ,0.0453E-03,-0.0493E-03,0.0140 ,-0.0145 ,232.4738 ,NAN,NAN,NAN,NAN,NAN,NAN,NAN,232.43 ,0.0018E-03,-0.0001 ,NAN,NAN,NAN,2.273 ,457.961 ,---------,---------,---------,---------,---------,1,1,1,1
91,2019/04/13,04:03:44,617,232.47 ,232.47 ,233.18 ,-0.01 ,209.93 ,232.47 ,300.0 ,0.0000E-03,0.0000E-03,0.0000E-03,0.0012E-03,0.0000E-03,0.0000E-03, 5.0E-03,0.0001 ,0.0000 ,0.0000 ,Error    ,Error    ,50.022 ,Error    ,335.55 ,-337.12 ,0.0533E-03,-0.0508E-03,0.0135 ,-0.0141 ,232.4661 ,NAN,NAN,NAN,NAN,NAN,NAN,NAN,232.38 ,0.0024E-03,0.0001 ,NAN,NAN,NAN,2.322 ,620.292 ,---------,---------,---------,---------,---------,1,1,1,1
92,2019/04/13,04:03:44,717,232.46 ,232.46 ,233.19 ,-0.07 ,209.94 ,232.46 ,300.0 ,0.0000E-03,0.0000E-03,0.0000E-03,0.0010E-03,0.0000E-03,0.0000E-03, 5.0E-03,0.0000 ,0.0000 ,0.0000 ,Error    ,Error    ,50.012 ,Error    ,337.04 ,-335.66 ,0.0463E-03,-0.0458E-03,0.0125 ,-0.0133 ,232.4621 ,NAN,NAN,NAN,NAN,NAN,NAN,NAN,232.47 ,0.0023E-03,0.0000 ,NAN,NAN,NAN,2.298 ,929.454 ,---------,---------,---------,---------,---------,1,1,1,1
93,2019/04/13,04:03:44,817,232.46 ,232.46 ,233.18 ,0.01 ,209.94 ,232.46 ,300.0 ,0.0000E-03,0.0000E-03,0.0000E-03,0.0009E-03,0.0000E-03,0.0000E-03, 5.0E-03,-0.0000 ,0.0000 ,0.0000 ,Error    ,Error    ,50.016 ,Error    ,336.36 ,-335.63 ,0.0488E-03,-0.0438E-03,0.0139 ,-0.0144 ,232.4647 ,NAN,NAN,NAN,NAN,NAN,NAN,NAN,232.46 ,0.0022E-03,-0.0000 ,NAN,NAN,NAN,2.258 ,833.433 ,---------,---------,---------,---------,---------,1,1,1,1
94,2019/04/13,04:03:44,917,232.49 ,232.49 ,233.20 ,0.04 ,209.95 ,232.49 ,300.0 ,0.0000E-03,0.0000E-03,0.0000E-03,0.0011E-03,0.0000E-03,0.0000E-03, 5.0E-03,-0.0000 ,0.0000 ,0.0000 ,Error    ,Error    ,50.005 ,Error    ,335.74 ,-336.16 ,0.0458E-03,-0.0478E-03,0.0130 ,-0.0141 ,232.4919 ,NAN,NAN,NAN,NAN,NAN,NAN,NAN,232.52 ,0.0020E-03,0.0000 ,NAN,NAN,NAN,2.257 ,739.090 ,---------,---------,---------,---------,---------,1,1,1,1
95,2019/04/13,04:03:45,016,232.51 ,232.51 ,233.22 ,0.01 ,209.97 ,232.51 ,300.0 ,0.0000E-03,0.0000E-03,0.0000E-03,0.0011E-03,0.0000E-03,0.0000E-03, 5.0E-03,0.0000 ,0.0000 ,0.0000 ,Error    ,Error    ,50.018 ,Error    ,336.05 ,-336.10 ,0.0543E-03,-0.0423E-03,0.0145 ,-0.0127 ,232.5073 ,NAN,NAN,NAN,NAN,NAN,NAN,NAN,232.56 ,0.0023E-03,-0.0000 ,NAN,NAN,NAN,2.307 ,425.793 ,---------,---------,---------,---------,---------,1,1,1,1
96,2019/04/13,04:03:45,117,232.52 ,232.52 ,233.24 ,-0.02 ,209.99 ,232.52 ,300.0 ,0.0000E-03,0.0000E-03,0.0000E-03,0.0010E-03,0.0000E-03,0.0000E-03, 5.0E-03,0.0000 ,0.0000 ,0.0000 ,Error    ,Error    ,50.020 ,Error    ,337.75 ,-335.82 ,0.0413E-03,-0.0428E-03,0.0137 ,-0.0135 ,232.5224 ,NAN,NAN,NAN,NAN,NAN,NAN,NAN,232.54 ,0.0020E-03,-0.0000 ,NAN,NAN,NAN,2.227 ,Error    ,---------,---------,---------,---------,---------,1,1,1,1
97,2019/04/13,04:03:45,217,232.52 ,232.52 ,233.22 ,-0.03 ,209.97 ,232.52 ,300.0 ,0.0000E-03,0.0000E-03,0.0000E-03,0.0011E-03,0.0000E-03,0.0000E-03, 5.0E-03,0.0000 ,0.0000 ,0.0000 ,Error    ,Error    ,50.015 ,Error    ,334.99 ,-335.75 ,0.0453E-03,-0.0423E-03,0.0126 ,-0.0149 ,232.5218 ,NAN,NAN,NAN,NAN,NAN,NAN,NAN,232.61 ,0.0021E-03,0.0001 ,NAN,NAN,NAN,2.335 ,306.784 ,---------,---------,---------,---------,---------,1,1,1,1
98,2019/04/13,04:03:45,318,232.58 ,232.58 ,233.29 ,-0.00 ,210.03 ,232.58 ,300.0 ,0.0000E-03,0.0000E-03,0.0000E-03,0.0009E-03,0.0000E-03,0.0000E-03, 5.0E-03,-0.0000 ,0.0000 ,0.0000 ,Error    ,Error    ,50.018 ,Error    ,335.39 ,-336.00 ,0.0584E-03,-0.0438E-03,0.0140 ,-0.0194 ,232.5826 ,NAN,NAN,NAN,NAN,NAN,NAN,NAN,232.63 ,0.0018E-03,0.0000 ,NAN,NAN,NAN,2.296 ,589.161 ,---------,---------,---------,---------,---------,1,1,1,1
99,2019/04/13,04:03:45,421,232.52 ,232.52 ,233.23 ,-0.00 ,209.98 ,232.52 ,300.0 ,0.0000E-03,0.0000E-03,0.0000E-03,0.0010E-03,0.0000E-03,0.0000E-03, 5.0E-03,0.0000 ,0.0000 ,0.0000 ,Error    ,Error    ,50.003 ,Error    ,336.01 ,-334.76 ,0.0453E-03,-0.0443E-03,0.0139 ,-0.0138 ,232.5238 ,NAN,NAN,NAN,NAN,NAN,NAN,NAN,232.50 ,0.0020E-03,-0.0000 ,NAN,NAN,NAN,2.312 ,654.432 ,---------,---------,---------,---------,---------,1,1,1,1
100,2019/04/13,04:03:45,517,232.48 ,232.48 ,233.18 ,-0.03 ,209.94 ,232.48 ,300.0 ,0.0000E-03,0.0000E-03,0.0000E-03,0.0012E-03,0.0000E-03,0.0000E-03, 5.0E-03,-0.0000 ,0.0000 ,0.0000 ,Error    ,Error    ,50.014 ,Error    ,335.52 ,-337.49 ,0.0438E-03,-0.0543E-03,0.0137 ,-0.0134 ,232.4786 ,NAN,NAN,NAN,NAN,NAN,NAN,NAN,232.58 ,0.0021E-03,-0.0000 ,NAN,NAN,NAN,2.248 ,624.374 ,---------,---------,---------,---------,---------,1,1,1,1
101,2019/04/13,04:03:45,618,232.49 ,232.49 ,233.22 ,-0.03 ,209.97 ,232.49 ,300.0 ,0.0000E-03,0.0000E-03,0.0000E-03,0.0012E-03,0.0000E-03,0.0000E-03, 5.0E-03,-0.0000 ,0.0000 ,0.0000 ,Error    ,Error    ,50.011 ,Error    ,336.70 ,-335.75 ,0.0463E-03,-0.0453E-03,0.0147 ,-0.0143 ,232.4927 ,NAN,NAN,NAN,NAN,NAN,NAN,NAN,232.49 ,0.0021E-03,0.0000 ,NAN,NAN,NAN,2.262 ,675.020 ,---------,---------,---------,---------,---------,1,1,1,1
102,2019/04/13,04:03:45,716,232.48 ,232.48 ,233.19 ,-0.04 ,209.95 ,232.48 ,300.0 ,0.0000E-03,0.0000E-03,0.0000E-03,0.0012E-03,0.0000E-03,0.0000E-03, 5.0E-03,0.0000 ,0.0000 ,0.0000 ,Error    ,Error    ,50.016 ,Error    ,335.98 ,-335.88 ,0.0533E-03,-0.0423E-03,0.0139 ,-0.0138 ,232.4756 ,NAN,NAN,NAN,NAN,NAN,NAN,NAN,232.54 ,0.0021E-03,0.0001 ,NAN,NAN,NAN,2.259 ,780.640 ,---------,---------,---------,---------,---------,1,1,1,1
103,2019/04/13,04:03:45,817,232.49 ,232.49 ,233.19 ,0.01 ,209.95 ,232.49 ,300.0 ,0.0000E-03,0.0000E-03,0.0000E-03,0.0011E-03,0.0000E-03,0.0000E-03, 5.0E-03,-0.0000 ,0.0000 ,0.0000 ,Error    ,Error    ,50.019 ,Error    ,335.92 ,-337.49 ,0.0438E-03,-0.0463E-03,0.0131 ,-0.0134 ,232.4940 ,NAN,NAN,NAN,NAN,NAN,NAN,NAN,232.56 ,0.0021E-03,-0.0001 ,NAN,NAN,NAN,2.262 ,616.049 ,---------,---------,---------,---------,---------,1,1,1,1
104,2019/04/13,04:03:45,918,232.48 ,232.48 ,233.21 ,0.00 ,209.96 ,232.48 ,300.0 ,0.0000E-03,0.0000E-03,0.0000E-03,0.0010E-03,0.0000E-03,0.0000E-03, 5.0E-03,0.0000 ,0.0000 ,0.0000 ,Error    ,Error    ,50.004 ,Error    ,335.74 ,-335.38 ,0.0483E-03,-0.0493E-03,0.0130 ,-0.0126 ,232.4761 ,NAN,NAN,NAN,NAN,NAN,NAN,NAN,232.50 ,0.0021E-03,0.0001 ,NAN,NAN,NAN,2.339 ,723.908 ,---------,---------,---------,---------,---------,1,1,1,1
105,2019/04/13,04:03:46,017,232.53 ,232.53 ,233.23 ,0.01 ,209.98 ,232.53 ,300.0 ,0.0000E-03,0.0000E-03,0.0000E-03,0.0011E-03,0.0000E-03,0.0000E-03, 5.0E-03,-0.0000 ,0.0000 ,0.0000 ,Error    ,Error    ,50.005 ,Error    ,336.70 ,-337.71 ,0.0473E-03,-0.0443E-03,0.0147 ,-0.0132 ,232.5288 ,NAN,NAN,NAN,NAN,NAN,NAN,NAN,232.50 ,0.0022E-03,0.0000 ,NAN,NAN,NAN,2.297 ,Error    ,---------,---------,---------,---------,---------,1,1,1,1
106,2019/04/13,04:03:46,117,232.59 ,232.59 ,233.32 ,-0.02 ,210.06 ,232.59 ,300.0 ,0.0000E-03,0.0000E-03,0.0000E-03,0.0010E-03,0.0000E-03,0.0000E-03, 5.0E-03,0.0000 ,0.0000 ,0.0000 ,Error    ,Error    ,50.011 ,Error    ,334.87 ,-335.60 ,0.0463E-03,-0.0503E-03,0.0145 ,-0.0152 ,232.5927 ,NAN,NAN,NAN,NAN,NAN,NAN,NAN,232.57 ,0.0021E-03,0.0000 ,NAN,NAN,NAN,2.271 ,849.459 ,---------,---------,---------,---------,---------,1,1,1,1
107,2019/04/13,04:03:46,217,232.55 ,232.55 ,233.25 ,-0.02 ,210.00 ,232.55 ,300.0 ,0.0000E-03,0.0000E-03,0.0000E-03,0.0011E-03,0.0000E-03,0.0000E-03, 5.0E-03,0.0000 ,0.0000 ,0.0000 ,Error    ,Error    ,50.005 ,Error    ,336.14 ,-336.59 ,0.0448E-03,-0.0473E-03,0.0131 ,-0.0142 ,232.5516 ,NAN,NAN,NAN,NAN,NAN,NAN,NAN,232.48 ,0.0021E-03,0.0000 ,NAN,NAN,NAN,2.295 ,Error    ,---------,---------,---------,---------,---------,1,1,1,1
108,2019/04/13,04:03:46,318,232.56 ,232.56 ,233.27 ,-0.05 ,210.01 ,232.56 ,300.0 ,0.0000E-03,0.0000E-03,0.0000E-03,0.0010E-03,0.0000E-03,0.0000E-03, 5.0E-03,-0.0001 ,0.0000 ,0.0000 ,Error    ,Error    ,50.008 ,Error    ,336.29 ,-336.87 ,0.0473E-03,-0.0438E-03,0.0143 ,-0.0131 ,232.5615 ,NAN,NAN,NAN,NAN,NAN,NAN,NAN,232.51 ,0.0023E-03,0.0000 ,NAN,NAN,NAN,2.307 ,858.329 ,---------,---------,---------,---------,---------,1,1,1,1
109,2019/04/13,04:03:46,420,232.58 ,232.58 ,233.30 ,-0.03 ,210.04 ,232.58 ,300.0 ,0.0000E-03,0.0000E-03,0.0000E-03,0.0013E-03,0.0000E-03,0.0000E-03, 5.0E-03,0.0000 ,0.0000 ,0.0000 ,Error    ,Error    ,50.014 ,Error    ,336.20 ,-335.10 ,0.0468E-03,-0.0483E-03,0.0143 ,-0.0139 ,232.5838 ,NAN,NAN,NAN,NAN,NAN,NAN,NAN,232.55 ,0.0024E-03,0.0000 ,NAN,NAN,NAN,2.290 ,Error    ,---------,---------,---------,---------,---------,1,1,1,1
110,2019/04/13,04:03:46,517,232.49 ,232.49 ,233.18 ,-0.02 ,209.94 ,232.49 ,300.0 ,0.0000E-03,0.0000E-03,0.0000E-03,0.0011E-03,0.0000E-03,0.0000E-03, 5.0E-03,0.0000 ,0.0000 ,0.0000 ,Error    ,Error    ,50.007 ,Error    ,336.01 ,-336.56 ,0.0468E-03,-0.0493E-03,0.0154 ,-0.0136 ,232.4902 ,NAN,NAN,NAN,NAN,NAN,NAN,NAN,232.46 ,0.0023E-03,-0.0000 ,NAN,NAN,NAN,2.284 ,Error    ,---------,---------,---------,---------,---------,1,1,1,1
111,2019/04/13,04:03:46,618,232.59 ,232.59 ,233.32 ,-0.02 ,210.06 ,232.59 ,300.0 ,0.0000E-03,0.0000E-03,0.0000E-03,0.0011E-03,0.0000E-03,0.0000E-03, 5.0E-03,-0.0000 ,0.0000 ,0.0000 ,Error    ,Error    ,50.017 ,Error    ,336.05 ,-337.74 ,0.0473E-03,-0.0438E-03,0.0141 ,-0.0138 ,232.5909 ,NAN,NAN,NAN,NAN,NAN,NAN,NAN,232.58 ,0.0019E-03,0.0000 ,NAN,NAN,NAN,2.265 ,Error    ,---------,---------,---------,---------,---------,1,1,1,1
112,2019/04/13,04:03:46,717,232.60 ,232.60 ,233.33 ,0.02 ,210.07 ,232.60 ,300.0 ,0.0000E-03,0.0000E-03,0.0000E-03,0.0010E-03,0.0000E-03,0.0000E-03, 5.0E-03,0.0000 ,0.0000 ,0.0000 ,Error    ,Error    ,50.005 ,Error    ,336.63 ,-336.50 ,0.0448E-03,-0.0508E-03,0.0165 ,-0.0140 ,232.5965 ,NAN,NAN,NAN,NAN,NAN,NAN,NAN,232.56 ,0.0019E-03,0.0000 ,NAN,NAN,NAN,2.341 ,400.316 ,---------,---------,---------,---------,---------,1,1,1,1
113,2019/04/13,04:03:46,819,232.56 ,232.56 ,233.30 ,-0.00 ,210.04 ,232.56 ,300.0 ,0.0000E-03,0.0000E-03,0.0000E-03,0.0012E-03,0.0000E-03,0.0000E-03, 5.0E-03,-0.0000 ,0.0000 ,0.0000 ,Error    ,Error    ,50.009 ,Error    ,336.29 ,-335.72 ,0.0458E-03,-0.0403E-03,0.0132 ,-0.0132 ,232.5619 ,NAN,NAN,NAN,NAN,NAN,NAN,NAN,232.49 ,0.0020E-03,-0.0000 ,NAN,NAN,NAN,2.240 ,Error    ,---------,---------,---------,---------,---------,1,1,1,1
114,2019/04/13,04:03:46,917,232.59 ,232.59 ,233.31 ,0.01 ,210.05 ,232.59 ,300.0 ,0.0000E-03,0.0000E-03,0.0000E-03,0.0012E-03,0.0000E-03,0.0000E-03, 5.0E-03,-0.0000 ,0.0000 ,0.0000 ,Error    ,Error    ,50.013 ,Error    ,336.85 ,-336.47 ,0.0468E-03,-0.0433E-03,0.0132 ,-0.0136 ,232.5895 ,NAN,NAN,NAN,NAN,NAN,NAN,NAN,232.54 ,0.0018E-03,0.0000 ,NAN,NAN,NAN,2.285 ,Error    ,---------,---------,---------,---------,---------,1,1,1,1
115,2019/04/13,04:03:47,016,232.60 ,232.60 ,233.31 ,0.03 ,210.05 ,232.60 ,300.0 ,0.0000E-03,0.0000E-03,0.0000E-03,0.0010E-03,0.0000E-03,0.0000E-03, 5.0E-03,-0.0000 ,0.0000 ,0.0000 ,Error    ,Error    ,50.001 ,Error    ,337.41 ,-336.00 ,0.0458E-03,-0.0408E-03,0.0148 ,-0.0133 ,232.6040 ,NAN,NAN,NAN,NAN,NAN,NAN,NAN,232.56 ,0.0022E-03,-0.0000 ,NAN,NAN,NAN,2.266 ,984.369 ,---------,---------,---------,---------,---------,1,1,1,1
116,2019/04/13,04:03:47,118,232.63 ,232.63 ,233.32 ,-0.01 ,210.06 ,232.63 ,300.0 ,0.0000E-03,0.0000E-03,0.0000E-03,0.0010E-03,0.0000E-03,0.0000E-03, 5.0E-03,0.0000 ,0.0000 ,0.0000 ,Error    ,Error    ,50.014 ,Error    ,336.42 ,-337.12 ,0.0543E-03,-0.0553E-03,0.0161 ,-0.0125 ,232.6310 ,NAN,NAN,NAN,NAN,NAN,NAN,NAN,232.55 ,0.0020E-03,0.0000 ,NAN,NAN,NAN,2.304 ,Error    ,---------,---------,---------,---------,---------,1,1,1,1
117,2019/04/13,04:03:47,216,232.60 ,232.60 ,233.31 ,-0.03 ,210.06 ,232.60 ,300.0 ,0.0000E-03,0.0000E-03,0.0000E-03,0.0012E-03,0.0000E-03,0.0000E-03, 5.0E-03,-0.0000 ,0.0000 ,0.0000 ,Error    ,Error    ,50.028 ,Error    ,335.98 ,-337.09 ,0.0428E-03,-0.0508E-03,0.0168 ,-0.0140 ,232.6046 ,NAN,NAN,NAN,NAN,NAN,NAN,NAN,232.60 ,0.0022E-03,-0.0000 ,NAN,NAN,NAN,2.260 ,896.508 ,---------,---------,---------,---------,---------,1,1,1,1
118,2019/04/13,04:03:47,318,232.64 ,232.64 ,233.35 ,0.03 ,210.08 ,232.64 ,300.0 ,0.0000E-03,0.0000E-03,0.0000E-03,0.0010E-03,0.0000E-03,0.0000E-03, 5.0E-03,0.0000 ,0.0000 ,0.0000 ,Error    ,Error    ,50.022 ,Error    ,336.39 ,-336.75 ,0.0468E-03,-0.0473E-03,0.0139 ,-0.0129 ,232.6400 ,NAN,NAN,NAN,NAN,NAN,NAN,NAN,232.53 ,0.0021E-03,0.0000 ,NAN,NAN,NAN,2.248 ,Error    ,---------,---------,---------,---------,---------,1,1,1,1
119,2019/04/13,04:03:47,420,232.64 ,232.64 ,233.34 ,-0.08 ,210.08 ,232.64 ,300.0 ,0.0000E-03,0.0000E-03,0.0000E-03,0.0012E-03,0.0000E-03,0.0000E-03, 5.0E-03,0.0000 ,0.0000 ,0.0000 ,Error    ,Error    ,50.003 ,Error    ,336.48 ,-335.97 ,0.0473E-03,-0.0418E-03,0.0129 ,-0.0158 ,232.6364 ,NAN,NAN,NAN,NAN,NAN,NAN,NAN,232.66 ,0.0024E-03,-0.0000 ,NAN,NAN,NAN,2.311 ,Error    ,---------,---------,---------,---------,---------,1,1,1,1
120,2019/04/13,04:03:47,517,232.64 ,232.64 ,233.34 ,-0.02 ,210.08 ,232.64 ,300.0 ,0.0000E-03,0.0000E-03,0.0000E-03,0.0009E-03,0.0000E-03,0.0000E-03, 5.0E-03,0.0000 ,0.0000 ,0.0000 ,Error    ,Error    ,50.020 ,Error    ,335.61 ,-336.34 ,0.0448E-03,-0.0458E-03,0.0149 ,-0.0129 ,232.6442 ,NAN,NAN,NAN,NAN,NAN,NAN,NAN,232.67 ,0.0018E-03,-0.0000 ,NAN,NAN,NAN,2.196 ,607.240 ,---------,---------,---------,---------,---------,1,1,1,1
121,2019/04/13,04:03:47,617,232.67 ,232.67 ,233.38 ,-0.08 ,210.12 ,232.67 ,300.0 ,0.0000E-03,0.0000E-03,0.0000E-03,0.0011E-03,0.0000E-03,0.0000E-03, 5.0E-03,0.0000 ,0.0000 ,0.0000 ,Error    ,Error    ,50.002 ,Error    ,336.73 ,-337.34 ,0.0423E-03,-0.0463E-03,0.0134 ,-0.0127 ,232.6652 ,NAN,NAN,NAN,NAN,NAN,NAN,NAN,232.68 ,0.0022E-03,0.0000 ,NAN,NAN,NAN,2.295 ,796.731 ,---------,---------,---------,---------,---------,1,1,1,1
122,2019/04/13,04:03:47,718,232.69 ,232.69 ,233.41 ,0.03 ,210.14 ,232.69 ,300.0 ,0.0000E-03,0.0000E-03,0.0000E-03,0.0009E-03,0.0000E-03,0.0000E-03, 5.0E-03,-0.0000 ,0.0000 ,0.0000 ,Error    ,Error    ,50.018 ,Error    ,336.73 ,-335.88 ,0.0468E-03,-0.0448E-03,0.0122 ,-0.0134 ,232.6910 ,NAN,NAN,NAN,NAN,NAN,NAN,NAN,232.76 ,0.0020E-03,0.0000 ,NAN,NAN,NAN,2.318 ,Error    ,---------,---------,---------,---------,---------,1,1,1,1
123,2019/04/13,04:03:47,818,232.62 ,232.62 ,233.33 ,0.02 ,210.07 ,232.62 ,300.0 ,0.0000E-03,0.0000E-03,0.0000E-03,0.0010E-03,0.0000E-03,0.0000E-03, 5.0E-03,-0.0000 ,0.0000 ,0.0000 ,Error    ,Error    ,50.018 ,Error    ,335.98 ,-336.53 ,0.0503E-03,-0.0458E-03,0.0143 ,-0.0152 ,232.6167 ,NAN,NAN,NAN,NAN,NAN,NAN,NAN,232.80 ,0.0021E-03,-0.0001 ,NAN,NAN,NAN,2.314 ,486.137 ,---------,---------,---------,---------,---------,1,1,1,1
124,2019/04/13,04:03:47,916,232.60 ,232.60 ,233.32 ,-0.02 ,210.06 ,232.60 ,300.0 ,0.0000E-03,0.0000E-03,0.0000E-03,0.0009E-03,0.0000E-03,0.0000E-03, 5.0E-03,0.0000 ,0.0000 ,0.0000 ,Error    ,Error    ,50.023 ,Error    ,335.43 ,-336.59 ,0.0433E-03,-0.0478E-03,0.0136 ,-0.0158 ,232.5993 ,NAN,NAN,NAN,NAN,NAN,NAN,NAN,232.50 ,0.0021E-03,0.0000 ,NAN,NAN,NAN,2.252 ,Error    ,---------,---------,---------,---------,---------,1,1,1,1
125,2019/04/13,04:03:48,017,232.57 ,232.57 ,233.28 ,-0.01 ,210.02 ,232.57 ,300.0 ,0.0000E-03,0.0000E-03,0.0000E-03,0.0010E-03,0.0000E-03,0.0000E-03, 5.0E-03,0.0000 ,0.0000 ,0.0000 ,Error    ,Error    ,50.007 ,Error    ,336.32 ,-337.09 ,0.0448E-03,-0.0493E-03,0.0145 ,-0.0143 ,232.5739 ,NAN,NAN,NAN,NAN,NAN,NAN,NAN,232.61 ,0.0021E-03,0.0001 ,NAN,NAN,NAN,2.226 ,526.759 ,---------,---------,---------,---------,---------,1,1,1,1
126,2019/04/13,04:03:48,117,232.62 ,232.62 ,233.33 ,0.00 ,210.07 ,232.62 ,300.0 ,0.0000E-03,0.0000E-03,0.0000E-03,0.0010E-03,0.0000E-03,0.0000E-03, 5.0E-03,0.0001 ,0.0000 ,0.0000 ,Error    ,Error    ,50.024 ,Error    ,335.39 ,-336.31 ,0.0428E-03,-0.0448E-03,0.0142 ,-0.0130 ,232.6227 ,NAN,NAN,NAN,NAN,NAN,NAN,NAN,232.67 ,0.0019E-03,0.0001 ,NAN,NAN,NAN,2.252 ,476.869 ,---------,---------,---------,---------,---------,1,1,1,1
127,2019/04/13,04:03:48,216,232.60 ,232.60 ,233.30 ,-0.01 ,210.04 ,232.60 ,300.0 ,0.0000E-03,0.0000E-03,0.0000E-03,0.0012E-03,0.0000E-03,0.0000E-03, 5.0E-03,-0.0000 ,0.0000 ,0.0000 ,Error    ,Error    ,50.021 ,Error    ,336.11 ,-335.54 ,0.0483E-03,-0.0488E-03,0.0132 ,-0.0129 ,232.6021 ,NAN,NAN,NAN,NAN,NAN,NAN,NAN,232.59 ,0.0022E-03,0.0000 ,NAN,NAN,NAN,2.307 ,Error    ,---------,---------,---------,---------,---------,1,1,1,1
128,2019/04/13,04:03:48,318,232.57 ,232.57 ,233.29 ,-0.03 ,210.03 ,232.57 ,300.0 ,0.0000E-03,0.0000E-03,0.0000E-03,0.0010E-03,0.0000E-03,0.0000E-03, 5.0E-03,0.0000 ,0.0000 ,0.0000 ,Error    ,Error    ,50.018 ,Error    ,337.04 ,-337.18 ,0.0448E-03,-0.0463E-03,0.0128 ,-0.0134 ,232.5691 ,NAN,NAN,NAN,NAN,NAN,NAN,NAN,232.60 ,0.0021E-03,-0.0001 ,NAN,NAN,NAN,2.248 ,585.748 ,---------,---------,---------,---------,---------,1,1,1,1
129,2019/04/13,04:03:48,421,232.59 ,232.59 ,233.31 ,-0.06 ,210.05 ,232.59 ,300.0 ,0.0000E-03,0.0000E-03,0.0000E-03,0.0011E-03,0.0000E-03,0.0000E-03, 5.0E-03,0.0000 ,0.0000 ,0.0000 ,Error    ,Error    ,50.014 ,Error    ,335.70 ,-336.13 ,0.0448E-03,-0.0463E-03,0.0133 ,-0.0136 ,232.5917 ,NAN,NAN,NAN,NAN,NAN,NAN,NAN,232.57 ,0.0023E-03,0.0001 ,NAN,NAN,NAN,2.308 ,446.448 ,---------,---------,---------,---------,---------,1,1,1,1
130,2019/04/13,04:03:48,517,232.54 ,232.54 ,233.24 ,-0.04 ,209.99 ,232.54 ,300.0 ,0.0000E-03,0.0000E-03,0.0000E-03,0.0011E-03,0.0000E-03,0.0000E-03, 5.0E-03,-0.0000 ,0.0000 ,0.0000 ,Error    ,Error    ,50.014 ,Error    ,336.39 ,-336.84 ,0.0453E-03,-0.0473E-03,0.0136 ,-0.0140 ,232.5394 ,NAN,NAN,NAN,NAN,NAN,NAN,NAN,232.56 ,0.0020E-03,0.0000 ,NAN,NAN,NAN,2.280 ,865.274 ,---------,---------,---------,---------,---------,1,1,1,1
131,2019/04/13,04:03:48,616,232.55 ,232.55 ,233.25 ,-0.03 ,210.00 ,232.55 ,300.0 ,0.0000E-03,0.0000E-03,0.0000E-03,0.0010E-03,0.0000E-03,0.0000E-03, 5.0E-03,0.0000 ,0.0000 ,0.0000 ,Error    ,Error    ,50.013 ,Error    ,336.82 ,-336.22 ,0.0453E-03,-0.0428E-03,0.0124 ,-0.0131 ,232.5496 ,NAN,NAN,NAN,NAN,NAN,NAN,NAN,232.61 ,0.0024E-03,0.0000 ,NAN,NAN,NAN,2.335 ,742.811 ,---------,---------,---------,---------,---------,1,1,1,1
132,2019/04/13,04:03:48,717,232.50 ,232.50 ,233.19 ,-0.01 ,209.95 ,232.50 ,300.0 ,0.0000E-03,0.0000E-03,0.0000E-03,0.0009E-03,0.0000E-03,0.0000E-03, 5.0E-03,-0.0000 ,0.0000 ,0.0000 ,Error    ,Error    ,50.003 ,Error    ,336.67 ,-336.50 ,0.0483E-03,-0.0443E-03,0.0143 ,-0.0127 ,232.4981 ,NAN,NAN,NAN,NAN,NAN,NAN,NAN,232.49 ,0.0020E-03,0.0000 ,NAN,NAN,NAN,2.281 ,Error    ,---------,---------,---------,---------,---------,1,1,1,1
133,2019/04/13,04:03:48,818,232.49 ,232.49 ,233.19 ,-0.02 ,209.95 ,232.49 ,300.0 ,0.0000E-03,0.0000E-03,0.0000E-03,0.0011E-03,0.0000E-03,0.0000E-03, 5.0E-03,0.0001 ,0.0000 ,0.0000 ,Error    ,Error    ,50.011 ,Error    ,337.07 ,-337.43 ,0.0468E-03,-0.0463E-03,0.0154 ,-0.0140 ,232.4895 ,NAN,NAN,NAN,NAN,NAN,NAN,NAN,232.46 ,0.0021E-03,0.0001 ,NAN,NAN,NAN,2.248 ,362.170 ,---------,---------,---------,---------,---------,1,1,1,1
134,2019/04/13,04:03:48,917,232.54 ,232.54 ,233.23 ,-0.03 ,209.98 ,232.54 ,300.0 ,0.0000E-03,0.0000E-03,0.0000E-03,0.0010E-03,0.0000E-03,0.0000E-03, 5.0E-03,-0.0000 ,0.0000 ,0.0000 ,Error    ,Error    ,50.028 ,Error    ,337.47 ,-337.09 ,0.0483E-03,-0.0443E-03,0.0159 ,-0.0127 ,232.5446 ,NAN,NAN,NAN,NAN,NAN,NAN,NAN,232.55 ,0.0019E-03,-0.0000 ,NAN,NAN,NAN,2.278 ,509.685 ,---------,---------,---------,---------,---------,1,1,1,1
135,2019/04/13,04:03:49,018,232.60 ,232.60 ,233.29 ,0.02 ,210.03 ,232.60 ,300.0 ,0.0000E-03,0.0000E-03,0.0000E-03,0.0010E-03,0.0000E-03,0.0000E-03, 5.0E-03,0.0000 ,0.0000 ,0.0000 ,Error    ,Error    ,50.018 ,Error    ,337.13 ,-337.86 ,0.0498E-03,-0.0423E-03,0.0149 ,-0.0134 ,232.5961 ,NAN,NAN,NAN,NAN,NAN,NAN,NAN,232.56 ,0.0020E-03,0.0000 ,NAN,NAN,NAN,2.282 ,Error    ,---------,---------,---------,---------,---------,1,1,1,1
136,2019/04/13,04:03:49,117,232.65 ,232.65 ,233.33 ,0.00 ,210.07 ,232.65 ,300.0 ,0.0000E-03,0.0000E-03,0.0000E-03,0.0010E-03,0.0000E-03,0.0000E-03, 5.0E-03,0.0000 ,0.0000 ,0.0000 ,Error    ,Error    ,50.020 ,Error    ,337.69 ,-336.90 ,0.0448E-03,-0.0453E-03,0.0140 ,-0.0129 ,232.6509 ,NAN,NAN,NAN,NAN,NAN,NAN,NAN,232.60 ,0.0019E-03,0.0000 ,NAN,NAN,NAN,2.290 ,665.700 ,---------,---------,---------,---------,---------,1,1,1,1
137,2019/04/13,04:03:49,216,232.66 ,232.66 ,233.36 ,-0.02 ,210.10 ,232.66 ,300.0 ,0.0000E-03,0.0000E-03,0.0000E-03,0.0010E-03,0.0000E-03,0.0000E-03, 5.0E-03,0.0000 ,0.0000 ,0.0000 ,Error    ,Error    ,50.016 ,Error    ,337.94 ,-338.33 ,0.0433E-03,-0.0478E-03,0.0145 ,-0.0134 ,232.6580 ,NAN,NAN,NAN,NAN,NAN,NAN,NAN,232.61 ,0.0021E-03,0.0001 ,NAN,NAN,NAN,2.307 ,480.096 ,---------,---------,---------,---------,---------,1,1,1,1
138,2019/04/13,04:03:49,317,232.52 ,232.52 ,233.21 ,-0.03 ,209.97 ,232.52 ,300.0 ,0.0000E-03,0.0000E-03,0.0000E-03,0.0010E-03,0.0000E-03,0.0000E-03, 5.0E-03,-0.0000 ,0.0000 ,0.0000 ,Error    ,Error    ,50.011 ,Error    ,337.29 ,-336.81 ,0.0508E-03,-0.0443E-03,0.0139 ,-0.0136 ,232.5187 ,NAN,NAN,NAN,NAN,NAN,NAN,NAN,232.51 ,0.0021E-03,-0.0001 ,NAN,NAN,NAN,2.280 ,474.658 ,---------,---------,---------,---------,---------,1,1,1,1
139,2019/04/13,04:03:49,419,232.54 ,232.54 ,233.23 ,-0.01 ,209.98 ,232.54 ,300.0 ,0.0000E-03,0.0000E-03,0.0000E-03,0.0012E-03,0.0000E-03,0.0000E-03, 5.0E-03,0.0000 ,0.0000 ,0.0000 ,Error    ,Error    ,50.028 ,Error    ,337.07 ,-337.52 ,0.0423E-03,-0.0468E-03,0.0135 ,-0.0132 ,232.5374 ,NAN,NAN,NAN,NAN,NAN,NAN,NAN,232.54 ,0.0021E-03,0.0000 ,NAN,NAN,NAN,2.277 ,Error    ,---------,---------,---------,---------,---------,1,1,1,1
140,2019/04/13,04:03:49,516,232.59 ,232.59 ,233.29 ,0.01 ,210.04 ,232.59 ,300.0 ,0.0000E-03,0.0000E-03,0.0000E-03,0.0011E-03,0.0000E-03,0.0000E-03, 5.0E-03,0.0000 ,0.0000 ,0.0000 ,Error    ,Error    ,50.019 ,Error    ,337.44 ,-336.28 ,0.0468E-03,-0.0443E-03,0.0146 ,-0.0141 ,232.5943 ,NAN,NAN,NAN,NAN,NAN,NAN,NAN,232.57 ,0.0020E-03,0.0000 ,NAN,NAN,NAN,2.259 ,520.191 ,---------,---------,---------,---------,---------,1,1,1,1
141,2019/04/13,04:03:49,616,232.54 ,232.54 ,233.23 ,-0.02 ,209.98 ,232.54 ,300.0 ,0.0000E-03,0.0000E-03,0.0000E-03,0.0013E-03,0.0000E-03,0.0000E-03, 5.0E-03,0.0000 ,0.0000 ,0.0000 ,Error    ,Error    ,50.021 ,Error    ,336.51 ,-336.22 ,0.0448E-03,-0.0463E-03,0.0143 ,-0.0132 ,232.5387 ,NAN,NAN,NAN,NAN,NAN,NAN,NAN,232.41 ,0.0021E-03,-0.0000 ,NAN,NAN,NAN,2.271 ,Error    ,---------,---------,---------,---------,---------,1,1,1,1
142,2019/04/13,04:03:49,718,232.57 ,232.57 ,233.30 ,-0.02 ,210.04 ,232.57 ,300.0 ,0.0000E-03,0.0000E-03,0.0000E-03,0.0010E-03,0.0000E-03,0.0000E-03, 5.0E-03,0.0000 ,0.0000 ,0.0000 ,Error    ,Error    ,50.009 ,Error    ,336.85 ,-337.15 ,0.0443E-03,-0.0473E-03,0.0146 ,-0.0147 ,232.5680 ,NAN,NAN,NAN,NAN,NAN,NAN,NAN,232.50 ,0.0020E-03,0.0000 ,NAN,NAN,NAN,2.297 ,506.718 ,---------,---------,---------,---------,---------,1,1,1,1
143,2019/04/13,04:03:49,818,232.52 ,232.52 ,233.23 ,-0.05 ,209.98 ,232.52 ,300.0 ,0.0000E-03,0.0000E-03,0.0000E-03,0.0012E-03,0.0000E-03,0.0000E-03, 5.0E-03,0.0000 ,0.0000 ,0.0000 ,Error    ,Error    ,50.016 ,Error    ,337.47 ,-337.37 ,0.0453E-03,-0.0418E-03,0.0138 ,-0.0132 ,232.5232 ,NAN,NAN,NAN,NAN,NAN,NAN,NAN,232.42 ,0.0019E-03,0.0000 ,NAN,NAN,NAN,2.312 ,Error    ,---------,---------,---------,---------,---------,1,1,1,1
144,2019/04/13,04:03:49,916,232.50 ,232.50 ,233.21 ,0.01 ,209.96 ,232.50 ,300.0 ,0.0000E-03,0.0000E-03,0.0000E-03,0.0009E-03,0.0000E-03,0.0000E-03, 5.0E-03,0.0000 ,0.0000 ,0.0000 ,Error    ,Error    ,50.006 ,Error    ,337.04 ,-337.68 ,0.0448E-03,-0.0458E-03,0.0141 ,-0.0143 ,232.4982 ,NAN,NAN,NAN,NAN,NAN,NAN,NAN,232.40 ,0.0019E-03,0.0000 ,NAN,NAN,NAN,2.295 ,Error    ,---------,---------,---------,---------,---------,1,1,1,1
145,2019/04/13,04:03:50,019,232.50 ,232.50 ,233.17 ,-0.03 ,209.93 ,232.50 ,300.0 ,0.0000E-03,0.0000E-03,0.0000E-03,0.0009E-03,0.0000E-03,0.0000E-03, 5.0E-03,0.0000 ,0.0000 ,0.0000 ,Error    ,Error    ,50.013 ,Error    ,337.07 ,-337.34 ,0.0463E-03,-0.0443E-03,0.0142 ,-0.0139 ,232.5037 ,NAN,NAN,NAN,NAN,NAN,NAN,NAN,232.56 ,0.0021E-03,-0.0000 ,NAN,NAN,NAN,2.266 ,Error    ,---------,---------,---------,---------,---------,1,1,1,1
146,2019/04/13,04:03:50,117,232.47 ,232.47 ,233.17 ,-0.02 ,209.92 ,232.47 ,300.0 ,0.0000E-03,0.0000E-03,0.0000E-03,0.0010E-03,0.0000E-03,0.0000E-03, 5.0E-03,0.0000 ,0.0000 ,0.0000 ,Error    ,Error    ,50.019 ,Error    ,336.76 ,-337.49 ,0.0453E-03,-0.0433E-03,0.0138 ,-0.0133 ,232.4690 ,NAN,NAN,NAN,NAN,NAN,NAN,NAN,232.46 ,0.0020E-03,-0.0000 ,NAN,NAN,NAN,2.213 ,Error    ,---------,---------,---------,---------,---------,1,1,1,1
147,2019/04/13,04:03:50,216,232.44 ,232.44 ,233.14 ,-0.03 ,209.90 ,232.44 ,300.0 ,0.0000E-03,0.0000E-03,0.0000E-03,0.0009E-03,0.0000E-03,0.0000E-03, 5.0E-03,0.0000 ,0.0000 ,0.0000 ,Error    ,Error    ,50.003 ,Error    ,337.19 ,-337.65 ,0.0413E-03,-0.0438E-03,0.0134 ,-0.0143 ,232.4384 ,NAN,NAN,NAN,NAN,NAN,NAN,NAN,232.44 ,0.0021E-03,-0.0000 ,NAN,NAN,NAN,2.262 ,824.338 ,---------,---------,---------,---------,---------,1,1,1,1
148,2019/04/13,04:03:50,317,232.47 ,232.47 ,233.19 ,-0.01 ,209.94 ,232.47 ,300.0 ,0.0000E-03,0.0000E-03,0.0000E-03,0.0009E-03,0.0000E-03,0.0000E-03, 5.0E-03,0.0000 ,0.0000 ,0.0000 ,Error    ,Error    ,50.020 ,Error    ,337.41 ,-336.93 ,0.0448E-03,-0.0453E-03,0.0141 ,-0.0135 ,232.4669 ,NAN,NAN,NAN,NAN,NAN,NAN,NAN,232.38 ,0.0023E-03,0.0000 ,NAN,NAN,NAN,2.360 ,818.924 ,---------,---------,---------,---------,---------,1,1,1,1
149,2019/04/13,04:03:50,419,232.44 ,232.44 ,233.13 ,-0.00 ,209.89 ,232.44 ,300.0 ,0.0000E-03,0.0000E-03,0.0000E-03,0.0012E-03,0.0000E-03,0.0000E-03, 5.0E-03,0.0000 ,0.0000 ,0.0000 ,Error    ,Error    ,50.009 ,Error    ,337.16 ,-337.65 ,0.0438E-03,-0.0458E-03,0.0145 ,-0.0133 ,232.4375 ,NAN,NAN,NAN,NAN,NAN,NAN,NAN,232.43 ,0.0021E-03,-0.0000 ,NAN,NAN,NAN,2.287 ,899.637 ,---------,---------,---------,---------,---------,1,1,1,1
150,2019/04/13,04:03:50,516,232.50 ,232.50 ,233.20 ,0.01 ,209.95 ,232.50 ,300.0 ,0.0000E-03,0.0000E-03,0.0000E-03,0.0009E-03,0.0000E-03,0.0000E-03, 5.0E-03,0.0000 ,0.0000 ,0.0000 ,Error    ,Error    ,50.006 ,Error    ,336.94 ,-337.12 ,0.0453E-03,-0.0488E-03,0.0131 ,-0.0132 ,232.5026 ,NAN,NAN,NAN,NAN,NAN,NAN,NAN,232.44 ,0.0020E-03,0.0000 ,NAN,NAN,NAN,2.297 ,697.949 ,---------,---------,---------,---------,---------,1,1,1,1
151,2019/04/13,04:03:50,616,232.52 ,232.52 ,233.21 ,-0.04 ,209.96 ,232.52 ,300.0 ,0.0000E-03,0.0000E-03,0.0000E-03,0.0012E-03,0.0000E-03,0.0000E-03, 5.0E-03,0.0000 ,0.0000 ,0.0000 ,Error    ,Error    ,50.011 ,Error    ,337.04 ,-336.62 ,0.0458E-03,-0.0483E-03,0.0137 ,-0.0142 ,232.5165 ,NAN,NAN,NAN,NAN,NAN,NAN,NAN,232.45 ,0.0020E-03,-0.0000 ,NAN,NAN,NAN,2.316 ,888.247 ,---------,---------,---------,---------,---------,1,1,1,1
152,2019/04/13,04:03:50,716,232.59 ,232.59 ,233.28 ,0.00 ,210.02 ,232.59 ,300.0 ,0.0000E-03,0.0000E-03,0.0000E-03,0.0010E-03,0.0000E-03,0.0000E-03, 5.0E-03,-0.0000 ,0.0000 ,0.0000 ,Error    ,Error    ,50.020 ,Error    ,337.32 ,-336.47 ,0.0448E-03,-0.0433E-03,0.0136 ,-0.0134 ,232.5852 ,NAN,NAN,NAN,NAN,NAN,NAN,NAN,232.57 ,0.0022E-03,-0.0000 ,NAN,NAN,NAN,2.266 ,589.430 ,---------,---------,---------,---------,---------,1,1,1,1
153,2019/04/13,04:03:50,816,232.54 ,232.54 ,233.20 ,0.00 ,209.96 ,232.54 ,300.0 ,0.0000E-03,0.0000E-03,0.0000E-03,0.0011E-03,0.0000E-03,0.0000E-03, 5.0E-03,-0.0000 ,0.0000 ,0.0000 ,Error    ,Error    ,50.006 ,Error    ,336.91 ,-336.87 ,0.0533E-03,-0.0418E-03,0.0124 ,-0.0150 ,232.5353 ,NAN,NAN,NAN,NAN,NAN,NAN,NAN,232.50 ,0.0023E-03,-0.0000 ,NAN,NAN,NAN,2.202 ,713.167 ,---------,---------,---------,---------,---------,1,1,1,1
154,2019/04/13,04:03:50,917,232.54 ,232.54 ,233.25 ,-0.05 ,210.00 ,232.54 ,300.0 ,0.0000E-03,0.0000E-03,0.0000E-03,0.0010E-03,0.0000E-03,0.0000E-03, 5.0E-03,-0.0001 ,0.0000 ,0.0000 ,Error    ,Error    ,49.998 ,Error    ,336.63 ,-336.59 ,0.0448E-03,-0.0463E-03,0.0126 ,-0.0132 ,232.5362 ,NAN,NAN,NAN,NAN,NAN,NAN,NAN,232.51 ,0.0022E-03,-0.0001 ,NAN,NAN,NAN,2.251 ,436.841 ,---------,---------,---------,---------,---------,1,1,1,1
155,2019/04/13,04:03:51,016,232.51 ,232.51 ,233.21 ,-0.00 ,209.96 ,232.51 ,300.0 ,0.0000E-03,0.0000E-03,0.0000E-03,0.0010E-03,0.0000E-03,0.0000E-03, 5.0E-03,-0.0000 ,0.0000 ,0.0000 ,Error    ,Error    ,49.994 ,Error    ,337.13 ,-337.37 ,0.0473E-03,-0.0453E-03,0.0146 ,-0.0132 ,232.5084 ,NAN,NAN,NAN,NAN,NAN,NAN,NAN,232.47 ,0.0022E-03,-0.0001 ,NAN,NAN,NAN,2.302 ,529.617 ,---------,---------,---------,---------,---------,1,1,1,1
156,2019/04/13,04:03:51,116,232.55 ,232.55 ,233.23 ,-0.02 ,209.98 ,232.55 ,300.0 ,0.0000E-03,0.0000E-03,0.0000E-03,0.0009E-03,0.0000E-03,0.0000E-03, 5.0E-03,0.0000 ,0.0000 ,0.0000 ,Error    ,Error    ,50.008 ,Error    ,336.76 ,-336.99 ,0.0433E-03,-0.0458E-03,0.0132 ,-0.0124 ,232.5513 ,NAN,NAN,NAN,NAN,NAN,NAN,NAN,232.56 ,0.0019E-03,-0.0000 ,NAN,NAN,NAN,2.291 ,Error    ,---------,---------,---------,---------,---------,1,1,1,1
157,2019/04/13,04:03:51,216,232.47 ,232.47 ,233.17 ,-0.01 ,209.93 ,232.47 ,300.0 ,0.0000E-03,0.0000E-03,0.0000E-03,0.0009E-03,0.0000E-03,0.0000E-03, 5.0E-03,-0.0000 ,0.0000 ,0.0000 ,Error    ,Error    ,50.017 ,Error    ,336.67 ,-336.75 ,0.0453E-03,-0.0453E-03,0.0137 ,-0.0150 ,232.4734 ,NAN,NAN,NAN,NAN,NAN,NAN,NAN,232.43 ,0.0019E-03,0.0000 ,NAN,NAN,NAN,2.319 ,453.004 ,---------,---------,---------,---------,---------,1,1,1,1
158,2019/04/13,04:03:51,317,232.50 ,232.50 ,233.21 ,-0.01 ,209.96 ,232.50 ,300.0 ,0.0000E-03,0.0000E-03,0.0000E-03,0.0009E-03,0.0000E-03,0.0000E-03, 5.0E-03,-0.0000 ,0.0000 ,0.0000 ,Error    ,Error    ,50.012 ,Error    ,336.63 ,-337.34 ,0.0538E-03,-0.0448E-03,0.0134 ,-0.0157 ,232.5032 ,NAN,NAN,NAN,NAN,NAN,NAN,NAN,232.48 ,0.0021E-03,-0.0000 ,NAN,NAN,NAN,2.212 ,Error    ,---------,---------,---------,---------,---------,1,1,1,1
159,2019/04/13,04:03:51,419,232.49 ,232.49 ,233.19 ,-0.02 ,209.94 ,232.49 ,300.0 ,0.0000E-03,0.0000E-03,0.0000E-03,0.0012E-03,0.0000E-03,0.0000E-03, 5.0E-03,0.0000 ,0.0000 ,0.0000 ,Error    ,Error    ,50.022 ,Error    ,336.76 ,-336.41 ,0.0433E-03,-0.0428E-03,0.0145 ,-0.0125 ,232.4898 ,NAN,NAN,NAN,NAN,NAN,NAN,NAN,232.36 ,0.0021E-03,0.0000 ,NAN,NAN,NAN,2.273 ,357.270 ,---------,---------,---------,---------,---------,1,1,1,1
160,2019/04/13,04:03:51,517,232.56 ,232.56 ,233.26 ,-0.02 ,210.00 ,232.56 ,300.0 ,0.0000E-03,0.0000E-03,0.0000E-03,0.0010E-03,0.0000E-03,0.0000E-03, 5.0E-03,0.0000 ,0.0000 ,0.0000 ,Error    ,Error    ,50.020 ,Error    ,336.88 ,-336.50 ,0.0458E-03,-0.0463E-03,0.0138 ,-0.0144 ,232.5625 ,NAN,NAN,NAN,NAN,NAN,NAN,NAN,232.55 ,0.0021E-03,0.0000 ,NAN,NAN,NAN,2.275 ,987.423 ,---------,---------,---------,---------,---------,1,1,1,1
161,2019/04/13,04:03:51,616,232.57 ,232.57 ,233.28 ,-0.04 ,210.02 ,232.57 ,300.0 ,0.0000E-03,0.0000E-03,0.0000E-03,0.0011E-03,0.0000E-03,0.0000E-03, 5.0E-03,0.0000 ,0.0000 ,0.0000 ,Error    ,Error    ,49.992 ,Error    ,337.53 ,-337.09 ,0.0468E-03,-0.0453E-03,0.0132 ,-0.0156 ,232.5681 ,NAN,NAN,NAN,NAN,NAN,NAN,NAN,232.57 ,0.0020E-03,-0.0000 ,NAN,NAN,NAN,2.292 ,629.628 ,---------,---------,---------,---------,---------,1,1,1,1
162,2019/04/13,04:03:51,716,232.55 ,232.55 ,233.25 ,-0.01 ,210.00 ,232.55 ,300.0 ,0.0000E-03,0.0000E-03,0.0000E-03,0.0011E-03,0.0000E-03,0.0000E-03, 5.0E-03,-0.0000 ,0.0000 ,0.0000 ,Error    ,Error    ,49.994 ,Error    ,337.01 ,-337.03 ,0.0433E-03,-0.0468E-03,0.0144 ,-0.0135 ,232.5500 ,NAN,NAN,NAN,NAN,NAN,NAN,NAN,232.50 ,0.0023E-03,-0.0000 ,NAN,NAN,NAN,2.321 ,897.036 ,---------,---------,---------,---------,---------,1,1,1,1
163,2019/04/13,04:03:51,817,232.52 ,232.52 ,233.21 ,-0.05 ,209.97 ,232.52 ,300.0 ,0.0000E-03,0.0000E-03,0.0000E-03,0.0012E-03,0.0000E-03,0.0000E-03, 5.0E-03,0.0000 ,0.0000 ,0.0000 ,Error    ,Error    ,50.021 ,Error    ,336.05 ,-336.06 ,0.0463E-03,-0.0468E-03,0.0131 ,-0.0137 ,232.5243 ,NAN,NAN,NAN,NAN,NAN,NAN,NAN,232.58 ,0.0017E-03,0.0001 ,NAN,NAN,NAN,2.303 ,326.194 ,---------,---------,---------,---------,---------,1,1,1,1
164,2019/04/13,04:03:51,916,232.54 ,232.54 ,233.21 ,-0.02 ,209.97 ,232.54 ,300.0 ,0.0000E-03,0.0000E-03,0.0000E-03,0.0011E-03,0.0000E-03,0.0000E-03, 5.0E-03,-0.0000 ,0.0000 ,0.0000 ,Error    ,Error    ,50.020 ,Error    ,336.85 ,-337.27 ,0.0483E-03,-0.0473E-03,0.0140 ,-0.0149 ,232.5376 ,NAN,NAN,NAN,NAN,NAN,NAN,NAN,232.54 ,0.0020E-03,-0.0000 ,NAN,NAN,NAN,2.243 ,649.955 ,---------,---------,---------,---------,---------,1,1,1,1
165,2019/04/13,04:03:52,017,232.48 ,232.48 ,233.19 ,0.02 ,209.95 ,232.48 ,300.0 ,0.0000E-03,0.0000E-03,0.0000E-03,0.0011E-03,0.0000E-03,0.0000E-03, 5.0E-03,0.0000 ,0.0000 ,0.0000 ,Error    ,Error    ,50.020 ,Error    ,336.51 ,-335.82 ,0.0438E-03,-0.0458E-03,0.0134 ,-0.0124 ,232.4817 ,NAN,NAN,NAN,NAN,NAN,NAN,NAN,232.50 ,0.0020E-03,0.0001 ,NAN,NAN,NAN,2.282 ,637.750 ,---------,---------,---------,---------,---------,1,1,1,1
166,2019/04/13,04:03:52,121,232.47 ,232.47 ,233.17 ,0.01 ,209.92 ,232.47 ,300.0 ,0.0000E-03,0.0000E-03,0.0000E-03,0.0010E-03,0.0000E-03,0.0000E-03, 5.0E-03,0.0000 ,0.0000 ,0.0000 ,Error    ,Error    ,49.999 ,Error    ,337.19 ,-336.50 ,0.0433E-03,-0.0438E-03,0.0138 ,-0.0133 ,232.4741 ,NAN,NAN,NAN,NAN,NAN,NAN,NAN,232.47 ,0.0020E-03,-0.0000 ,NAN,NAN,NAN,2.281 ,Error    ,---------,---------,---------,---------,---------,1,1,1,1
167,2019/04/13,04:03:52,222,232.43 ,232.43 ,233.09 ,-0.00 ,209.85 ,232.43 ,300.0 ,0.0000E-03,0.0000E-03,0.0000E-03,0.0010E-03,0.0000E-03,0.0000E-03, 5.0E-03,0.0000 ,0.0000 ,0.0000 ,Error    ,Error    ,50.005 ,Error    ,336.70 ,-338.20 ,0.0448E-03,-0.0433E-03,0.0128 ,-0.0128 ,232.4256 ,NAN,NAN,NAN,NAN,NAN,NAN,NAN,232.44 ,0.0020E-03,0.0000 ,NAN,NAN,NAN,2.262 ,Error    ,---------,---------,---------,---------,---------,1,1,1,1
168,2019/04/13,04:03:52,317,232.47 ,232.47 ,233.14 ,0.00 ,209.90 ,232.47 ,300.0 ,0.0000E-03,0.0000E-03,0.0000E-03,0.0009E-03,0.0000E-03,0.0000E-03, 5.0E-03,-0.0000 ,0.0000 ,0.0000 ,Error    ,Error    ,49.997 ,Error    ,336.91 ,-337.27 ,0.0488E-03,-0.0458E-03,0.0141 ,-0.0142 ,232.4702 ,NAN,NAN,NAN,NAN,NAN,NAN,NAN,232.43 ,0.0022E-03,0.0000 ,NAN,NAN,NAN,2.254 ,887.291 ,---------,---------,---------,---------,---------,1,1,1,1
169,2019/04/13,04:03:52,420,232.49 ,232.49 ,233.20 ,0.03 ,209.95 ,232.49 ,300.0 ,0.0000E-03,0.0000E-03,0.0000E-03,0.0010E-03,0.0000E-03,0.0000E-03, 5.0E-03,-0.0000 ,0.0000 ,0.0000 ,Error    ,Error    ,50.001 ,Error    ,336.76 ,-337.09 ,0.0488E-03,-0.0433E-03,0.0132 ,-0.0128 ,232.4864 ,NAN,NAN,NAN,NAN,NAN,NAN,NAN,232.58 ,0.0019E-03,0.0000 ,NAN,NAN,NAN,2.294 ,Error    ,---------,---------,---------,---------,---------,1,1,1,1
170,2019/04/13,04:03:52,516,232.45 ,232.45 ,233.15 ,0.02 ,209.91 ,232.45 ,300.0 ,0.0000E-03,0.0000E-03,0.0000E-03,0.0009E-03,0.0000E-03,0.0000E-03, 5.0E-03,-0.0000 ,0.0000 ,0.0000 ,Error    ,Error    ,50.013 ,Error    ,336.51 ,-336.47 ,0.0493E-03,-0.0433E-03,0.0130 ,-0.0138 ,232.4480 ,NAN,NAN,NAN,NAN,NAN,NAN,NAN,232.41 ,0.0023E-03,0.0001 ,NAN,NAN,NAN,2.249 ,622.075 ,---------,---------,---------,---------,---------,1,1,1,1
171,2019/04/13,04:03:52,616,232.44 ,232.44 ,233.16 ,-0.00 ,209.91 ,232.44 ,300.0 ,0.0000E-03,0.0000E-03,0.0000E-03,0.0011E-03,0.0000E-03,0.0000E-03, 5.0E-03,0.0000 ,0.0000 ,0.0000 ,Error    ,Error    ,50.004 ,Error    ,337.19 ,-336.03 ,0.0528E-03,-0.0463E-03,0.0144 ,-0.0130 ,232.4366 ,NAN,NAN,NAN,NAN,NAN,NAN,NAN,232.42 ,0.0024E-03,0.0001 ,NAN,NAN,NAN,2.272 ,506.563 ,---------,---------,---------,---------,---------,1,1,1,1
172,2019/04/13,04:03:52,716,232.45 ,232.45 ,233.14 ,0.02 ,209.90 ,232.45 ,300.0 ,0.0000E-03,0.0000E-03,0.0000E-03,0.0010E-03,0.0000E-03,0.0000E-03, 5.0E-03,-0.0000 ,0.0000 ,0.0000 ,Error    ,Error    ,50.007 ,Error    ,336.88 ,-337.15 ,0.0413E-03,-0.0453E-03,0.0130 ,-0.0132 ,232.4528 ,NAN,NAN,NAN,NAN,NAN,NAN,NAN,232.41 ,0.0020E-03,0.0000 ,NAN,NAN,NAN,2.285 ,Error    ,---------,---------,---------,---------,---------,1,1,1,1
173,2019/04/13,04:03:52,816,232.49 ,232.49 ,233.20 ,0.01 ,209.95 ,232.49 ,300.0 ,0.0000E-03,0.0000E-03,0.0000E-03,0.0011E-03,0.0000E-03,0.0000E-03, 5.0E-03,-0.0000 ,0.0000 ,0.0000 ,Error    ,Error    ,50.003 ,Error    ,336.29 ,-336.90 ,0.0448E-03,-0.0508E-03,0.0140 ,-0.0149 ,232.4860 ,NAN,NAN,NAN,NAN,NAN,NAN,NAN,232.42 ,0.0023E-03,0.0000 ,NAN,NAN,NAN,2.296 ,Error    ,---------,---------,---------,---------,---------,1,1,1,1
174,2019/04/13,04:03:52,916,232.48 ,232.48 ,233.18 ,-0.04 ,209.94 ,232.48 ,300.0 ,0.0000E-03,0.0000E-03,0.0000E-03,0.0012E-03,0.0000E-03,0.0000E-03, 5.0E-03,0.0000 ,0.0000 ,0.0000 ,Error    ,Error    ,50.004 ,Error    ,336.85 ,-336.41 ,0.0468E-03,-0.0453E-03,0.0139 ,-0.0129 ,232.4758 ,NAN,NAN,NAN,NAN,NAN,NAN,NAN,232.55 ,0.0023E-03,0.0001 ,NAN,NAN,NAN,2.290 ,627.610 ,---------,---------,---------,---------,---------,1,1,1,1
175,2019/04/13,04:03:53,016,232.47 ,232.47 ,233.17 ,0.01 ,209.93 ,232.47 ,300.0 ,0.0000E-03,0.0000E-03,0.0000E-03,0.0009E-03,0.0000E-03,0.0000E-03, 5.0E-03,0.0000 ,0.0000 ,0.0000 ,Error    ,Error    ,50.001 ,Error    ,336.60 ,-337.06 ,0.0463E-03,-0.0463E-03,0.0137 ,-0.0152 ,232.4700 ,NAN,NAN,NAN,NAN,NAN,NAN,NAN,232.45 ,0.0023E-03,0.0001 ,NAN,NAN,NAN,2.264 ,473.827 ,---------,---------,---------,---------,---------,1,1,1,1
176,2019/04/13,04:03:53,116,232.46 ,232.46 ,233.14 ,0.00 ,209.90 ,232.46 ,300.0 ,0.0000E-03,0.0000E-03,0.0000E-03,0.0009E-03,0.0000E-03,0.0000E-03, 5.0E-03,-0.0000 ,0.0000 ,0.0000 ,Error    ,Error    ,50.016 ,Error    ,337.50 ,-336.28 ,0.0468E-03,-0.0503E-03,0.0141 ,-0.0136 ,232.4610 ,NAN,NAN,NAN,NAN,NAN,NAN,NAN,232.53 ,0.0020E-03,-0.0000 ,NAN,NAN,NAN,2.220 ,Error    ,---------,---------,---------,---------,---------,1,1,1,1
177,2019/04/13,04:03:53,216,232.39 ,232.39 ,233.08 ,-0.06 ,209.85 ,232.39 ,300.0 ,0.0000E-03,0.0000E-03,0.0000E-03,0.0010E-03,0.0000E-03,0.0000E-03, 5.0E-03,0.0000 ,0.0000 ,0.0000 ,Error    ,Error    ,50.015 ,Error    ,336.63 ,-336.16 ,0.0453E-03,-0.0473E-03,0.0116 ,-0.0123 ,232.3900 ,NAN,NAN,NAN,NAN,NAN,NAN,NAN,232.34 ,0.0021E-03,0.0001 ,NAN,NAN,NAN,2.283 ,458.110 ,---------,---------,---------,---------,---------,1,1,1,1
178,2019/04/13,04:03:53,318,232.48 ,232.48 ,233.17 ,0.01 ,209.93 ,232.48 ,300.0 ,0.0000E-03,0.0000E-03,0.0000E-03,0.0010E-03,0.0000E-03,0.0000E-03, 5.0E-03,-0.0001 ,0.0000 ,0.0000 ,Error    ,Error    ,50.000 ,Error    ,336.54 ,-336.50 ,0.0453E-03,-0.0483E-03,0.0137 ,-0.0152 ,232.4809 ,NAN,NAN,NAN,NAN,NAN,NAN,NAN,232.39 ,0.0021E-03,-0.0001 ,NAN,NAN,NAN,2.283 ,622.450 ,---------,---------,---------,---------,---------,1,1,1,1
179,2019/04/13,04:03:53,420,232.54 ,232.54 ,233.22 ,-0.02 ,209.98 ,232.54 ,300.0 ,0.0000E-03,0.0000E-03,0.0000E-03,0.0012E-03,0.0000E-03,0.0000E-03, 5.0E-03,0.0000 ,0.0000 ,0.0000 ,Error    ,Error    ,50.005 ,Error    ,336.36 ,-337.18 ,0.0448E-03,-0.0423E-03,0.0141 ,-0.0138 ,232.5430 ,NAN,NAN,NAN,NAN,NAN,NAN,NAN,232.51 ,0.0023E-03,0.0000 ,NAN,NAN,NAN,2.255 ,851.829 ,---------,---------,---------,---------,---------,1,1,1,1
180,2019/04/13,04:03:53,516,232.50 ,232.50 ,233.15 ,-0.00 ,209.91 ,232.50 ,300.0 ,0.0000E-03,0.0000E-03,0.0000E-03,0.0012E-03,0.0000E-03,0.0000E-03, 5.0E-03,-0.0000 ,0.0000 ,0.0000 ,Error    ,Error    ,50.006 ,Error    ,337.22 ,-336.84 ,0.0468E-03,-0.0468E-03,0.0145 ,-0.0133 ,232.4986 ,NAN,NAN,NAN,NAN,NAN,NAN,NAN,232.60 ,0.0020E-03,-0.0000 ,NAN,NAN,NAN,2.216 ,Error    ,---------,---------,---------,---------,---------,1,1,1,1
181,2019/04/13,04:03:53,616,232.48 ,232.48 ,233.16 ,-0.03 ,209.92 ,232.48 ,300.0 ,0.0000E-03,0.0000E-03,0.0000E-03,0.0013E-03,0.0000E-03,0.0000E-03, 5.0E-03,0.0000 ,0.0000 ,0.0000 ,Error    ,Error    ,50.008 ,Error    ,336.67 ,-336.37 ,0.0418E-03,-0.0518E-03,0.0144 ,-0.0171 ,232.4780 ,NAN,NAN,NAN,NAN,NAN,NAN,NAN,232.40 ,0.0021E-03,0.0000 ,NAN,NAN,NAN,2.266 ,960.400 ,---------,---------,---------,---------,---------,1,1,1,1
182,2019/04/13,04:03:53,716,232.56 ,232.56 ,233.25 ,-0.04 ,210.00 ,232.56 ,300.0 ,0.0000E-03,0.0000E-03,0.0000E-03,0.0010E-03,0.0000E-03,0.0000E-03, 5.0E-03,-0.0000 ,0.0000 ,0.0000 ,Error    ,Error    ,50.003 ,Error    ,336.98 ,-337.06 ,0.0423E-03,-0.0508E-03,0.0151 ,-0.0131 ,232.5571 ,NAN,NAN,NAN,NAN,NAN,NAN,NAN,232.49 ,0.0022E-03,0.0001 ,NAN,NAN,NAN,2.296 ,531.043 ,---------,---------,---------,---------,---------,1,1,1,1
183,2019/04/13,04:03:53,816,232.49 ,232.49 ,233.17 ,-0.01 ,209.93 ,232.49 ,300.0 ,0.0000E-03,0.0000E-03,0.0000E-03,0.0012E-03,0.0000E-03,0.0000E-03, 5.0E-03,-0.0000 ,0.0000 ,0.0000 ,Error    ,Error    ,50.003 ,Error    ,336.54 ,-337.37 ,0.0448E-03,-0.0513E-03,0.0134 ,-0.0132 ,232.4946 ,NAN,NAN,NAN,NAN,NAN,NAN,NAN,232.51 ,0.0021E-03,-0.0000 ,NAN,NAN,NAN,2.233 ,443.173 ,---------,---------,---------,---------,---------,1,1,1,1
184,2019/04/13,04:03:53,916,232.57 ,232.57 ,233.25 ,-0.00 ,210.00 ,232.57 ,300.0 ,0.0000E-03,0.0000E-03,0.0000E-03,0.0010E-03,0.0000E-03,0.0000E-03, 5.0E-03,-0.0000 ,0.0000 ,0.0000 ,Error    ,Error    ,50.000 ,Error    ,336.42 ,-336.62 ,0.0463E-03,-0.0468E-03,0.0133 ,-0.0157 ,232.5674 ,NAN,NAN,NAN,NAN,NAN,NAN,NAN,232.57 ,0.0020E-03,0.0000 ,NAN,NAN,NAN,2.296 ,Error    ,---------,---------,---------,---------,---------,1,1,1,1
185,2019/04/13,04:03:54,016,232.54 ,232.54 ,233.21 ,0.02 ,209.96 ,232.54 ,300.0 ,0.0000E-03,0.0000E-03,0.0000E-03,0.0011E-03,0.0000E-03,0.0000E-03, 5.0E-03,0.0000 ,0.0000 ,0.0000 ,Error    ,Error    ,50.017 ,Error    ,336.63 ,-336.03 ,0.0528E-03,-0.0463E-03,0.0127 ,-0.0129 ,232.5385 ,NAN,NAN,NAN,NAN,NAN,NAN,NAN,232.51 ,0.0023E-03,0.0000 ,NAN,NAN,NAN,2.258 ,636.034 ,---------,---------,---------,---------,---------,1,1,1,1
186,2019/04/13,04:03:54,116,232.53 ,232.53 ,233.21 ,-0.03 ,209.96 ,232.53 ,300.0 ,0.0000E-03,0.0000E-03,0.0000E-03,0.0010E-03,0.0000E-03,0.0000E-03, 5.0E-03,-0.0000 ,0.0000 ,0.0000 ,Error    ,Error    ,50.011 ,Error    ,336.76 ,-336.53 ,0.0508E-03,-0.0508E-03,0.0132 ,-0.0169 ,232.5290 ,NAN,NAN,NAN,NAN,NAN,NAN,NAN,232.64 ,0.0021E-03,-0.0000 ,NAN,NAN,NAN,2.214 ,492.867 ,---------,---------,---------,---------,---------,1,1,1,1
187,2019/04/13,04:03:54,219,232.56 ,232.56 ,233.24 ,0.00 ,209.99 ,232.56 ,300.0 ,0.0000E-03,0.0000E-03,0.0000E-03,0.0011E-03,0.0000E-03,0.0000E-03, 5.0E-03,0.0000 ,0.0000 ,0.0000 ,Error    ,Error    ,50.000 ,Error    ,337.07 ,-337.06 ,0.0458E-03,-0.0448E-03,0.0135 ,-0.0145 ,232.5615 ,NAN,NAN,NAN,NAN,NAN,NAN,NAN,232.56 ,0.0022E-03,0.0000 ,NAN,NAN,NAN,2.249 ,Error    ,---------,---------,---------,---------,---------,1,1,1,1
188,2019/04/13,04:03:54,317,232.60 ,232.60 ,233.28 ,-0.02 ,210.03 ,232.60 ,300.0 ,0.0000E-03,0.0000E-03,0.0000E-03,0.0010E-03,0.0000E-03,0.0000E-03, 5.0E-03,0.0000 ,0.0000 ,0.0000 ,Error    ,Error    ,50.011 ,Error    ,337.81 ,-337.03 ,0.0448E-03,-0.0423E-03,0.0136 ,-0.0125 ,232.5982 ,NAN,NAN,NAN,NAN,NAN,NAN,NAN,232.57 ,0.0021E-03,0.0001 ,NAN,NAN,NAN,2.203 ,418.666 ,---------,---------,---------,---------,---------,1,1,1,1
189,2019/04/13,04:03:54,419,232.56 ,232.56 ,233.23 ,-0.01 ,209.98 ,232.56 ,300.0 ,0.0000E-03,0.0000E-03,0.0000E-03,0.0012E-03,0.0000E-03,0.0000E-03, 5.0E-03,0.0000 ,0.0000 ,0.0000 ,Error    ,Error    ,49.999 ,Error    ,337.50 ,-337.15 ,0.0433E-03,-0.0438E-03,0.0137 ,-0.0140 ,232.5616 ,NAN,NAN,NAN,NAN,NAN,NAN,NAN,232.57 ,0.0019E-03,-0.0000 ,NAN,NAN,NAN,2.262 ,630.616 ,---------,---------,---------,---------,---------,1,1,1,1
190,2019/04/13,04:03:54,518,232.55 ,232.55 ,233.25 ,-0.02 ,210.00 ,232.55 ,300.0 ,0.0000E-03,0.0000E-03,0.0000E-03,0.0010E-03,0.0000E-03,0.0000E-03, 5.0E-03,-0.0000 ,0.0000 ,0.0000 ,Error    ,Error    ,50.003 ,Error    ,336.76 ,-336.72 ,0.0468E-03,-0.0458E-03,0.0139 ,-0.0149 ,232.5470 ,NAN,NAN,NAN,NAN,NAN,NAN,NAN,232.47 ,0.0021E-03,-0.0001 ,NAN,NAN,NAN,2.227 ,519.935 ,---------,---------,---------,---------,---------,1,1,1,1
191,2019/04/13,04:03:54,616,232.52 ,232.52 ,233.20 ,-0.02 ,209.96 ,232.52 ,300.0 ,0.0000E-03,0.0000E-03,0.0000E-03,0.0011E-03,0.0000E-03,0.0000E-03, 5.0E-03,0.0000 ,0.0000 ,0.0000 ,Error    ,Error    ,50.003 ,Error    ,336.79 ,-337.74 ,0.0478E-03,-0.0463E-03,0.0156 ,-0.0143 ,232.5202 ,NAN,NAN,NAN,NAN,NAN,NAN,NAN,232.47 ,0.0025E-03,0.0001 ,NAN,NAN,NAN,2.275 ,560.801 ,---------,---------,---------,---------,---------,1,1,1,1
192,2019/04/13,04:03:54,716,232.54 ,232.54 ,233.22 ,-0.04 ,209.97 ,232.54 ,300.0 ,0.0000E-03,0.0000E-03,0.0000E-03,0.0011E-03,0.0000E-03,0.0000E-03, 5.0E-03,0.0000 ,0.0000 ,0.0000 ,Error    ,Error    ,49.999 ,Error    ,336.63 ,-337.12 ,0.0433E-03,-0.0433E-03,0.0139 ,-0.0129 ,232.5380 ,NAN,NAN,NAN,NAN,NAN,NAN,NAN,232.58 ,0.0020E-03,0.0001 ,NAN,NAN,NAN,2.282 ,736.356 ,---------,---------,---------,---------,---------,1,1,1,1
193,2019/04/13,04:03:54,816,232.55 ,232.55 ,233.25 ,-0.00 ,210.00 ,232.55 ,300.0 ,0.0000E-03,0.0000E-03,0.0000E-03,0.0012E-03,0.0000E-03,0.0000E-03, 5.0E-03,0.0000 ,0.0000 ,0.0000 ,Error    ,Error    ,50.007 ,Error    ,336.85 ,-336.34 ,0.0443E-03,-0.0413E-03,0.0134 ,-0.0131 ,232.5511 ,NAN,NAN,NAN,NAN,NAN,NAN,NAN,232.50 ,0.0020E-03,0.0000 ,NAN,NAN,NAN,2.266 ,457.384 ,---------,---------,---------,---------,---------,1,1,1,1
194,2019/04/13,04:03:54,916,232.55 ,232.55 ,233.22 ,0.01 ,209.98 ,232.55 ,300.0 ,0.0000E-03,0.0000E-03,0.0000E-03,0.0008E-03,0.0000E-03,0.0000E-03, 5.0E-03,-0.0000 ,0.0000 ,0.0000 ,Error    ,Error    ,50.001 ,Error    ,337.38 ,-337.03 ,0.0433E-03,-0.0478E-03,0.0156 ,-0.0125 ,232.5470 ,NAN,NAN,NAN,NAN,NAN,NAN,NAN,232.50 ,0.0022E-03,0.0000 ,NAN,NAN,NAN,2.251 ,980.187 ,---------,---------,---------,---------,---------,1,1,1,1
195,2019/04/13,04:03:55,016,232.55 ,232.55 ,233.25 ,-0.00 ,210.00 ,232.55 ,300.0 ,0.0000E-03,0.0000E-03,0.0000E-03,0.0011E-03,0.0000E-03,0.0000E-03, 5.0E-03,0.0000 ,0.0000 ,0.0000 ,Error    ,Error    ,50.007 ,Error    ,337.72 ,-337.86 ,0.0443E-03,-0.0443E-03,0.0145 ,-0.0130 ,232.5536 ,NAN,NAN,NAN,NAN,NAN,NAN,NAN,232.58 ,0.0022E-03,0.0000 ,NAN,NAN,NAN,2.266 ,Error    ,---------,---------,---------,---------,---------,1,1,1,1
196,2019/04/13,04:03:55,116,232.59 ,232.59 ,233.27 ,-0.05 ,210.02 ,232.59 ,300.0 ,0.0000E-03,0.0000E-03,0.0000E-03,0.0010E-03,0.0000E-03,0.0000E-03, 5.0E-03,-0.0000 ,0.0000 ,0.0000 ,Error    ,Error    ,50.005 ,Error    ,338.71 ,-337.12 ,0.0473E-03,-0.0428E-03,0.0125 ,-0.0132 ,232.5873 ,NAN,NAN,NAN,NAN,NAN,NAN,NAN,232.59 ,0.0020E-03,-0.0001 ,NAN,NAN,NAN,2.222 ,495.010 ,---------,---------,---------,---------,---------,1,1,1,1
197,2019/04/13,04:03:55,217,232.57 ,232.57 ,233.28 ,0.04 ,210.03 ,232.57 ,300.0 ,0.0000E-03,0.0000E-03,0.0000E-03,0.0010E-03,0.0000E-03,0.0000E-03, 5.0E-03,-0.0000 ,0.0000 ,0.0000 ,Error    ,Error    ,49.998 ,Error    ,337.07 ,-337.65 ,0.0508E-03,-0.0438E-03,0.0151 ,-0.0138 ,232.5742 ,NAN,NAN,NAN,NAN,NAN,NAN,NAN,232.50 ,0.0023E-03,0.0001 ,NAN,NAN,NAN,2.304 ,813.621 ,---------,---------,---------,---------,---------,1,1,1,1
198,2019/04/13,04:03:55,317,232.53 ,232.53 ,233.22 ,-0.02 ,209.97 ,232.53 ,300.0 ,0.0000E-03,0.0000E-03,0.0000E-03,0.0009E-03,0.0000E-03,0.0000E-03, 5.0E-03,0.0000 ,0.0000 ,0.0000 ,Error    ,Error    ,50.000 ,Error    ,337.04 ,-336.03 ,0.0448E-03,-0.0448E-03,0.0135 ,-0.0133 ,232.5286 ,NAN,NAN,NAN,NAN,NAN,NAN,NAN,232.55 ,0.0019E-03,-0.0000 ,NAN,NAN,NAN,2.259 ,Error    ,---------,---------,---------,---------,---------,1,1,1,1
199,2019/04/13,04:03:55,420,232.57 ,232.57 ,233.26 ,0.01 ,210.01 ,232.57 ,300.0 ,0.0000E-03,0.0000E-03,0.0000E-03,0.0011E-03,0.0000E-03,0.0000E-03, 5.0E-03,0.0000 ,0.0000 ,0.0000 ,Error    ,Error    ,50.007 ,Error    ,337.81 ,-336.87 ,0.0468E-03,-0.0453E-03,0.0155 ,-0.0144 ,232.5733 ,NAN,NAN,NAN,NAN,NAN,NAN,NAN,232.57 ,0.0018E-03,0.0000 ,NAN,NAN,NAN,2.275 ,861.536 ,---------,---------,---------,---------,---------,1,1,1,1
200,2019/04/13,04:03:55,517,232.55 ,232.55 ,233.27 ,-0.01 ,210.01 ,232.55 ,300.0 ,0.0000E-03,0.0000E-03,0.0000E-03,0.0010E-03,0.0000E-03,0.0000E-03, 5.0E-03,-0.0000 ,0.0000 ,0.0000 ,Error    ,Error    ,49.998 ,Error    ,337.53 ,-337.55 ,0.0458E-03,-0.0468E-03,0.0149 ,-0.0142 ,232.5466 ,NAN,NAN,NAN,NAN,NAN,NAN,NAN,232.56 ,0.0022E-03,-0.0001 ,NAN,NAN,NAN,2.291 ,601.188 ,---------,---------,---------,---------,---------,1,1,1,1
201,2019/04/13,04:03:55,617,232.56 ,232.56 ,233.25 ,-0.02 ,209.99 ,232.56 ,300.0 ,0.0000E-03,0.0000E-03,0.0000E-03,0.0011E-03,0.0000E-03,0.0000E-03, 5.0E-03,-0.0000 ,0.0000 ,0.0000 ,Error    ,Error    ,50.001 ,Error    ,337.56 ,-337.30 ,0.0463E-03,-0.0453E-03,0.0147 ,-0.0149 ,232.5563 ,NAN,NAN,NAN,NAN,NAN,NAN,NAN,232.50 ,0.0019E-03,-0.0000 ,NAN,NAN,NAN,2.292 ,917.096 ,---------,---------,---------,---------,---------,1,1,1,1
202,2019/04/13,04:03:55,716,232.54 ,232.54 ,233.25 ,-0.00 ,210.00 ,232.54 ,300.0 ,0.0000E-03,0.0000E-03,0.0000E-03,0.0011E-03,0.0000E-03,0.0000E-03, 5.0E-03,-0.0000 ,0.0000 ,0.0000 ,Error    ,Error    ,50.001 ,Error    ,337.01 ,-337.55 ,0.0448E-03,-0.0443E-03,0.0136 ,-0.0136 ,232.5422 ,NAN,NAN,NAN,NAN,NAN,NAN,NAN,232.50 ,0.0020E-03,0.0000 ,NAN,NAN,NAN,2.285 ,Error    ,---------,---------,---------,---------,---------,1,1,1,1
203,2019/04/13,04:03:55,820,232.47 ,232.47 ,233.16 ,0.01 ,209.91 ,232.47 ,300.0 ,0.0000E-03,0.0000E-03,0.0000E-03,0.0011E-03,0.0000E-03,0.0000E-03, 5.0E-03,0.0000 ,0.0000 ,0.0000 ,Error    ,Error    ,50.012 ,Error    ,337.25 ,-337.24 ,0.0438E-03,-0.0468E-03,0.0134 ,-0.0134 ,232.4750 ,NAN,NAN,NAN,NAN,NAN,NAN,NAN,232.40 ,0.0023E-03,-0.0000 ,NAN,NAN,NAN,2.259 ,769.723 ,---------,---------,---------,---------,---------,1,1,1,1
204,2019/04/13,04:03:55,916,232.56 ,232.56 ,233.23 ,-0.03 ,209.98 ,232.56 ,300.0 ,0.0000E-03,0.0000E-03,0.0000E-03,0.0011E-03,0.0000E-03,0.0000E-03, 5.0E-03,-0.0000 ,0.0000 ,0.0000 ,Error    ,Error    ,50.007 ,Error    ,336.79 ,-337.40 ,0.0443E-03,-0.0453E-03,0.0149 ,-0.0134 ,232.5553 ,NAN,NAN,NAN,NAN,NAN,NAN,NAN,232.46 ,0.0019E-03,0.0000 ,NAN,NAN,NAN,2.278 ,866.073 ,---------,---------,---------,---------,---------,1,1,1,1
205,2019/04/13,04:03:56,016,232.65 ,232.65 ,233.33 ,-0.04 ,210.07 ,232.65 ,300.0 ,0.0000E-03,0.0000E-03,0.0000E-03,0.0011E-03,0.0000E-03,0.0000E-03, 5.0E-03,0.0000 ,0.0000 ,0.0000 ,Error    ,Error    ,50.003 ,Error    ,336.82 ,-337.09 ,0.0473E-03,-0.0483E-03,0.0137 ,-0.0159 ,232.6519 ,NAN,NAN,NAN,NAN,NAN,NAN,NAN,232.64 ,0.0021E-03,0.0001 ,NAN,NAN,NAN,2.233 ,407.644 ,---------,---------,---------,---------,---------,1,1,1,1
206,2019/04/13,04:03:56,116,232.58 ,232.58 ,233.26 ,0.02 ,210.01 ,232.58 ,300.0 ,0.0000E-03,0.0000E-03,0.0000E-03,0.0011E-03,0.0000E-03,0.0000E-03, 5.0E-03,-0.0000 ,0.0000 ,0.0000 ,Error    ,Error    ,49.993 ,Error    ,337.10 ,-337.49 ,0.0438E-03,-0.0478E-03,0.0127 ,-0.0137 ,232.5849 ,NAN,NAN,NAN,NAN,NAN,NAN,NAN,232.56 ,0.0017E-03,0.0000 ,NAN,NAN,NAN,2.257 ,Error    ,---------,---------,---------,---------,---------,1,1,1,1
207,2019/04/13,04:03:56,216,232.60 ,232.60 ,233.29 ,-0.01 ,210.03 ,232.60 ,300.0 ,0.0000E-03,0.0000E-03,0.0000E-03,0.0010E-03,0.0000E-03,0.0000E-03, 5.0E-03,-0.0000 ,0.0000 ,0.0000 ,Error    ,Error    ,49.990 ,Error    ,337.04 ,-337.21 ,0.0443E-03,-0.0483E-03,0.0139 ,-0.0139 ,232.6007 ,NAN,NAN,NAN,NAN,NAN,NAN,NAN,232.62 ,0.0022E-03,-0.0000 ,NAN,NAN,NAN,2.314 ,776.005 ,---------,---------,---------,---------,---------,1,1,1,1
208,2019/04/13,04:03:56,319,232.59 ,232.59 ,233.29 ,0.00 ,210.03 ,232.59 ,300.0 ,0.0000E-03,0.0000E-03,0.0000E-03,0.0010E-03,0.0000E-03,0.0000E-03, 5.0E-03,-0.0000 ,0.0000 ,0.0000 ,Error    ,Error    ,49.997 ,Error    ,336.51 ,-337.30 ,0.0478E-03,-0.0483E-03,0.0142 ,-0.0138 ,232.5937 ,NAN,NAN,NAN,NAN,NAN,NAN,NAN,232.56 ,0.0021E-03,-0.0001 ,NAN,NAN,NAN,2.281 ,712.884 ,---------,---------,---------,---------,---------,1,1,1,1
209,2019/04/13,04:03:56,421,232.57 ,232.57 ,233.24 ,-0.01 ,209.99 ,232.57 ,300.0 ,0.0000E-03,0.0000E-03,0.0000E-03,0.0011E-03,0.0000E-03,0.0000E-03, 5.0E-03,0.0000 ,0.0000 ,0.0000 ,Error    ,Error    ,50.004 ,Error    ,336.42 ,-336.93 ,0.0569E-03,-0.0453E-03,0.0136 ,-0.0138 ,232.5739 ,NAN,NAN,NAN,NAN,NAN,NAN,NAN,232.51 ,0.0020E-03,0.0000 ,NAN,NAN,NAN,2.272 ,Error    ,---------,---------,---------,---------,---------,1,1,1,1
210,2019/04/13,04:03:56,517,232.54 ,232.54 ,233.22 ,-0.03 ,209.97 ,232.54 ,300.0 ,0.0000E-03,0.0000E-03,0.0000E-03,0.0010E-03,0.0000E-03,0.0000E-03, 5.0E-03,-0.0000 ,0.0000 ,0.0000 ,Error    ,Error    ,50.017 ,Error    ,337.10 ,-336.37 ,0.0428E-03,-0.0473E-03,0.0130 ,-0.0126 ,232.5356 ,NAN,NAN,NAN,NAN,NAN,NAN,NAN,232.43 ,0.0022E-03,0.0000 ,NAN,NAN,NAN,2.290 ,Error    ,---------,---------,---------,---------,---------,1,1,1,1
211,2019/04/13,04:03:56,616,232.62 ,232.62 ,233.32 ,-0.01 ,210.06 ,232.62 ,300.0 ,0.0000E-03,0.0000E-03,0.0000E-03,0.0010E-03,0.0000E-03,0.0000E-03, 5.0E-03,0.0000 ,0.0000 ,0.0000 ,Error    ,Error    ,50.003 ,Error    ,337.56 ,-337.99 ,0.0453E-03,-0.0433E-03,0.0126 ,-0.0140 ,232.6244 ,NAN,NAN,NAN,NAN,NAN,NAN,NAN,232.65 ,0.0020E-03,-0.0000 ,NAN,NAN,NAN,2.260 ,Error    ,---------,---------,---------,---------,---------,1,1,1,1
212,2019/04/13,04:03:56,719,232.57 ,232.57 ,233.24 ,0.01 ,209.99 ,232.57 ,300.0 ,0.0000E-03,0.0000E-03,0.0000E-03,0.0010E-03,0.0000E-03,0.0000E-03, 5.0E-03,0.0000 ,0.0000 ,0.0000 ,Error    ,Error    ,49.996 ,Error    ,336.79 ,-337.12 ,0.0453E-03,-0.0423E-03,0.0136 ,-0.0151 ,232.5697 ,NAN,NAN,NAN,NAN,NAN,NAN,NAN,232.53 ,0.0018E-03,-0.0001 ,NAN,NAN,NAN,2.317 ,568.143 ,---------,---------,---------,---------,---------,1,1,1,1
213,2019/04/13,04:03:56,820,232.62 ,232.62 ,233.31 ,-0.01 ,210.05 ,232.62 ,300.0 ,0.0000E-03,0.0000E-03,0.0000E-03,0.0011E-03,0.0000E-03,0.0000E-03, 5.0E-03,0.0000 ,0.0000 ,0.0000 ,Error    ,Error    ,50.000 ,Error    ,337.01 ,-337.86 ,0.0433E-03,-0.0463E-03,0.0131 ,-0.0133 ,232.6228 ,NAN,NAN,NAN,NAN,NAN,NAN,NAN,232.60 ,0.0023E-03,-0.0000 ,NAN,NAN,NAN,2.282 ,Error    ,---------,---------,---------,---------,---------,1,1,1,1
214,2019/04/13,04:03:56,916,232.65 ,232.65 ,233.32 ,-0.02 ,210.06 ,232.65 ,300.0 ,0.0000E-03,0.0000E-03,0.0000E-03,0.0009E-03,0.0000E-03,0.0000E-03, 5.0E-03,0.0000 ,0.0000 ,0.0000 ,Error    ,Error    ,50.003 ,Error    ,337.10 ,-337.18 ,0.0463E-03,-0.0413E-03,0.0136 ,-0.0130 ,232.6533 ,NAN,NAN,NAN,NAN,NAN,NAN,NAN,232.63 ,0.0022E-03,0.0000 ,NAN,NAN,NAN,2.203 ,Error    ,---------,---------,---------,---------,---------,1,1,1,1
215,2019/04/13,04:03:57,016,232.59 ,232.59 ,233.31 ,0.01 ,210.05 ,232.59 ,300.0 ,0.0000E-03,0.0000E-03,0.0000E-03,0.0009E-03,0.0000E-03,0.0000E-03, 5.0E-03,0.0000 ,0.0000 ,0.0000 ,Error    ,Error    ,50.006 ,Error    ,337.32 ,-337.21 ,0.0473E-03,-0.0438E-03,0.0142 ,-0.0124 ,232.5933 ,NAN,NAN,NAN,NAN,NAN,NAN,NAN,232.65 ,0.0021E-03,-0.0000 ,NAN,NAN,NAN,2.272 ,Error    ,---------,---------,---------,---------,---------,1,1,1,1
216,2019/04/13,04:03:57,116,232.59 ,232.59 ,233.26 ,0.01 ,210.01 ,232.59 ,300.0 ,0.0000E-03,0.0000E-03,0.0000E-03,0.0010E-03,0.0000E-03,0.0000E-03, 5.0E-03,-0.0000 ,0.0000 ,0.0000 ,Error    ,Error    ,49.995 ,Error    ,336.51 ,-337.49 ,0.0458E-03,-0.0473E-03,0.0135 ,-0.0143 ,232.5876 ,NAN,NAN,NAN,NAN,NAN,NAN,NAN,232.60 ,0.0020E-03,-0.0000 ,NAN,NAN,NAN,2.245 ,Error    ,---------,---------,---------,---------,---------,1,1,1,1
217,2019/04/13,04:03:57,216,232.58 ,232.58 ,233.25 ,-0.01 ,210.00 ,232.58 ,300.0 ,0.0000E-03,0.0000E-03,0.0000E-03,0.0011E-03,0.0000E-03,0.0000E-03, 5.0E-03,-0.0000 ,0.0000 ,0.0000 ,Error    ,Error    ,50.006 ,Error    ,336.54 ,-337.18 ,0.0463E-03,-0.0453E-03,0.0141 ,-0.0139 ,232.5762 ,NAN,NAN,NAN,NAN,NAN,NAN,NAN,232.53 ,0.0020E-03,0.0000 ,NAN,NAN,NAN,2.251 ,494.862 ,---------,---------,---------,---------,---------,1,1,1,1
218,2019/04/13,04:03:57,323,232.58 ,232.58 ,233.27 ,0.02 ,210.02 ,232.58 ,300.0 ,0.0000E-03,0.0000E-03,0.0000E-03,0.0010E-03,0.0000E-03,0.0000E-03, 5.0E-03,0.0000 ,0.0000 ,0.0000 ,Error    ,Error    ,50.001 ,Error    ,336.79 ,-336.56 ,0.0488E-03,-0.0508E-03,0.0141 ,-0.0150 ,232.5797 ,NAN,NAN,NAN,NAN,NAN,NAN,NAN,232.51 ,0.0020E-03,0.0000 ,NAN,NAN,NAN,2.274 ,993.749 ,---------,---------,---------,---------,---------,1,1,1,1
219,2019/04/13,04:03:57,419,232.58 ,232.58 ,233.29 ,0.01 ,210.04 ,232.58 ,300.0 ,0.0000E-03,0.0000E-03,0.0000E-03,0.0011E-03,0.0000E-03,0.0000E-03, 5.0E-03,-0.0000 ,0.0000 ,0.0000 ,Error    ,Error    ,49.993 ,Error    ,337.16 ,-338.51 ,0.0433E-03,-0.0438E-03,0.0135 ,-0.0132 ,232.5787 ,NAN,NAN,NAN,NAN,NAN,NAN,NAN,232.64 ,0.0020E-03,-0.0001 ,NAN,NAN,NAN,2.323 ,619.848 ,---------,---------,---------,---------,---------,1,1,1,1
220,2019/04/13,04:03:57,516,232.65 ,232.65 ,233.34 ,0.01 ,210.08 ,232.65 ,300.0 ,0.0000E-03,0.0000E-03,0.0000E-03,0.0010E-03,0.0000E-03,0.0000E-03, 5.0E-03,0.0000 ,0.0000 ,0.0000 ,Error    ,Error    ,50.002 ,Error    ,337.22 ,-337.89 ,0.0488E-03,-0.0428E-03,0.0120 ,-0.0126 ,232.6478 ,NAN,NAN,NAN,NAN,NAN,NAN,NAN,232.61 ,0.0021E-03,-0.0000 ,NAN,NAN,NAN,2.290 ,Error    ,---------,---------,---------,---------,---------,1,1,1,1
221,2019/04/13,04:03:57,616,232.64 ,232.64 ,233.31 ,-0.04 ,210.06 ,232.64 ,300.0 ,0.0000E-03,0.0000E-03,0.0000E-03,0.0011E-03,0.0000E-03,0.0000E-03, 5.0E-03,-0.0000 ,0.0000 ,0.0000 ,Error    ,Error    ,50.000 ,Error    ,337.50 ,-337.43 ,0.0438E-03,-0.0443E-03,0.0128 ,-0.0133 ,232.6376 ,NAN,NAN,NAN,NAN,NAN,NAN,NAN,232.65 ,0.0021E-03,0.0001 ,NAN,NAN,NAN,2.237 ,764.626 ,---------,---------,---------,---------,---------,1,1,1,1
222,2019/04/13,04:03:57,725,232.68 ,232.68 ,233.35 ,-0.04 ,210.09 ,232.68 ,300.0 ,0.0000E-03,0.0000E-03,0.0000E-03,0.0010E-03,0.0000E-03,0.0000E-03, 5.0E-03,-0.0000 ,0.0000 ,0.0000 ,Error    ,Error    ,50.015 ,Error    ,336.60 ,-336.78 ,0.0413E-03,-0.0423E-03,0.0127 ,-0.0140 ,232.6787 ,NAN,NAN,NAN,NAN,NAN,NAN,NAN,232.66 ,0.0021E-03,0.0000 ,NAN,NAN,NAN,2.220 ,Error    ,---------,---------,---------,---------,---------,1,1,1,1
223,2019/04/13,04:03:57,816,232.66 ,232.66 ,233.33 ,0.03 ,210.07 ,232.66 ,300.0 ,0.0000E-03,0.0000E-03,0.0000E-03,0.0012E-03,0.0000E-03,0.0000E-03, 5.0E-03,-0.0000 ,0.0000 ,0.0000 ,Error    ,Error    ,49.999 ,Error    ,336.82 ,-338.67 ,0.0453E-03,-0.0433E-03,0.0128 ,-0.0138 ,232.6577 ,NAN,NAN,NAN,NAN,NAN,NAN,NAN,232.58 ,0.0022E-03,0.0000 ,NAN,NAN,NAN,2.313 ,Error    ,---------,---------,---------,---------,---------,1,1,1,1
224,2019/04/13,04:03:57,916,232.67 ,232.67 ,233.32 ,-0.02 ,210.06 ,232.67 ,300.0 ,0.0000E-03,0.0000E-03,0.0000E-03,0.0011E-03,0.0000E-03,0.0000E-03, 5.0E-03,-0.0000 ,0.0000 ,0.0000 ,Error    ,Error    ,50.000 ,Error    ,337.29 ,-337.30 ,0.0468E-03,-0.0433E-03,0.0142 ,-0.0139 ,232.6679 ,NAN,NAN,NAN,NAN,NAN,NAN,NAN,232.70 ,0.0019E-03,-0.0000 ,NAN,NAN,NAN,2.260 ,849.669 ,---------,---------,---------,---------,---------,1,1,1,1
225,2019/04/13,04:03:58,016,232.66 ,232.66 ,233.33 ,-0.04 ,210.07 ,232.66 ,300.0 ,0.0000E-03,0.0000E-03,0.0000E-03,0.0011E-03,0.0000E-03,0.0000E-03, 5.0E-03,-0.0000 ,0.0000 ,0.0000 ,Error    ,Error    ,50.013 ,Error    ,337.47 ,-337.68 ,0.0483E-03,-0.0448E-03,0.0134 ,-0.0159 ,232.6607 ,NAN,NAN,NAN,NAN,NAN,NAN,NAN,232.59 ,0.0019E-03,0.0000 ,NAN,NAN,NAN,2.224 ,737.504 ,---------,---------,---------,---------,---------,1,1,1,1
226,2019/04/13,04:03:58,116,232.67 ,232.67 ,233.32 ,-0.01 ,210.07 ,232.67 ,300.0 ,0.0000E-03,0.0000E-03,0.0000E-03,0.0009E-03,0.0000E-03,0.0000E-03, 5.0E-03,0.0000 ,0.0000 ,0.0000 ,Error    ,Error    ,49.999 ,Error    ,337.35 ,-337.37 ,0.0483E-03,-0.0413E-03,0.0130 ,-0.0159 ,232.6726 ,NAN,NAN,NAN,NAN,NAN,NAN,NAN,232.71 ,0.0022E-03,-0.0000 ,NAN,NAN,NAN,2.219 ,777.500 ,---------,---------,---------,---------,---------,1,1,1,1
227,2019/04/13,04:03:58,216,232.73 ,232.73 ,233.41 ,0.00 ,210.14 ,232.73 ,300.0 ,0.0000E-03,0.0000E-03,0.0000E-03,0.0011E-03,0.0000E-03,0.0000E-03, 5.0E-03,-0.0000 ,0.0000 ,0.0000 ,Error    ,Error    ,50.001 ,Error    ,336.85 ,-337.40 ,0.0448E-03,-0.0428E-03,0.0140 ,-0.0137 ,232.7310 ,NAN,NAN,NAN,NAN,NAN,NAN,NAN,232.76 ,0.0022E-03,0.0001 ,NAN,NAN,NAN,2.274 ,431.953 ,---------,---------,---------,---------,---------,1,1,1,1
228,2019/04/13,04:03:58,317,232.66 ,232.66 ,233.32 ,-0.03 ,210.06 ,232.66 ,300.0 ,0.0000E-03,0.0000E-03,0.0000E-03,0.0010E-03,0.0000E-03,0.0000E-03, 5.0E-03,-0.0000 ,0.0000 ,0.0000 ,Error    ,Error    ,49.998 ,Error    ,336.73 ,-336.96 ,0.0453E-03,-0.0453E-03,0.0136 ,-0.0149 ,232.6563 ,NAN,NAN,NAN,NAN,NAN,NAN,NAN,232.59 ,0.0019E-03,-0.0001 ,NAN,NAN,NAN,2.221 ,529.531 ,---------,---------,---------,---------,---------,1,1,1,1
229,2019/04/13,04:03:58,419,232.65 ,232.65 ,233.33 ,-0.02 ,210.07 ,232.65 ,300.0 ,0.0000E-03,0.0000E-03,0.0000E-03,0.0010E-03,0.0000E-03,0.0000E-03, 5.0E-03,0.0000 ,0.0000 ,0.0000 ,Error    ,Error    ,50.014 ,Error    ,337.01 ,-337.52 ,0.0478E-03,-0.0458E-03,0.0130 ,-0.0146 ,232.6531 ,NAN,NAN,NAN,NAN,NAN,NAN,NAN,232.67 ,0.0021E-03,-0.0000 ,NAN,NAN,NAN,2.264 ,877.513 ,---------,---------,---------,---------,---------,1,1,1,1
230,2019/04/13,04:03:58,516,232.63 ,232.63 ,233.32 ,0.05 ,210.06 ,232.63 ,300.0 ,0.0000E-03,0.0000E-03,0.0000E-03,0.0008E-03,0.0000E-03,0.0000E-03, 5.0E-03,-0.0000 ,0.0000 ,0.0000 ,Error    ,Error    ,50.002 ,Error    ,337.16 ,-337.43 ,0.0488E-03,-0.0433E-03,0.0125 ,-0.0139 ,232.6323 ,NAN,NAN,NAN,NAN,NAN,NAN,NAN,232.61 ,0.0022E-03,-0.0001 ,NAN,NAN,NAN,2.266 ,615.602 ,---------,---------,---------,---------,---------,1,1,1,1
231,2019/04/13,04:03:58,617,232.70 ,232.70 ,233.38 ,-0.07 ,210.12 ,232.70 ,300.0 ,0.0000E-03,0.0000E-03,0.0000E-03,0.0012E-03,0.0000E-03,0.0000E-03, 5.0E-03,0.0000 ,0.0000 ,0.0000 ,Error    ,Error    ,50.010 ,Error    ,337.07 ,-337.86 ,0.0438E-03,-0.0443E-03,0.0132 ,-0.0137 ,232.6995 ,NAN,NAN,NAN,NAN,NAN,NAN,NAN,232.62 ,0.0021E-03,0.0001 ,NAN,NAN,NAN,2.260 ,406.385 ,---------,---------,---------,---------,---------,1,1,1,1
232,2019/04/13,04:03:58,716,232.69 ,232.69 ,233.37 ,0.01 ,210.10 ,232.69 ,300.0 ,0.0000E-03,0.0000E-03,0.0000E-03,0.0010E-03,0.0000E-03,0.0000E-03, 5.0E-03,-0.0000 ,0.0000 ,0.0000 ,Error    ,Error    ,50.010 ,Error    ,337.75 ,-336.78 ,0.0453E-03,-0.0493E-03,0.0140 ,-0.0148 ,232.6875 ,NAN,NAN,NAN,NAN,NAN,NAN,NAN,232.66 ,0.0023E-03,-0.0001 ,NAN,NAN,NAN,2.276 ,999.149 ,---------,---------,---------,---------,---------,1,1,1,1
